11435033,2.16700000,175.70000000,15769725,15769727,1640995200981,False,True
11435034,2.16700000,207.40000000,15769728,15769736,1640995200992,False,True
11435035,2.16800000,250.00000000,15769737,15769737,1640995201259,False,True
11435036,2.16900000,603.20000000,15769738,15769739,1640995201440,False,True
11435037,2.16700000,69.20000000,15769740,15769740,1640995202041,False,True
11435038,2.16600000,681.30000000,15769741,15769752,1640995203475,True,True
11435039,2.16500000,220.00000000,15769753,15769753,1640995203475,True,True
11435040,2.16400000,16.70000000,15769754,15769754,1640995203475,True,True
11435041,2.16900000,474.10000000,15769755,15769766,1640995214687,False,True
11435042,2.16500000,31.00000000,15769767,15769767,1640995214980,True,True
11435043,2.16600000,12.50000000,15769768,15769768,1640995221088,True,True
11435044,2.16900000,2.20000000,15769769,15769769,1640995222301,False,True
11435045,2.17000000,492.20000000,15769770,15769772,1640995222301,False,True
11435046,2.17100000,739.50000000,15769773,15769774,1640995222301,False,True
11435047,2.17200000,38.70000000,15769775,15769777,1640995223991,False,True
11435048,2.17500000,1.40000000,15769778,15769778,1640995229492,False,True
11435049,2.17400000,510.50000000,15769779,15769783,1640995257679,False,True
11435050,2.17500000,177.00000000,15769784,15769785,1640995274773,False,True
11435051,2.17500000,38.20000000,15769786,15769787,1640995311704,False,True
11435052,2.17700000,18.20000000,15769788,15769788,1640995313588,False,True
11435053,2.17800000,14.00000000,15769789,15769790,1640995313588,False,True
11435054,2.17800000,251.80000000,15769791,15769791,1640995313602,True,True
11435055,2.17900000,96.30000000,15769792,15769795,1640995314551,False,True
11435056,2.18100000,22.90000000,15769796,15769797,1640995330941,False,True
11435057,2.18100000,6.80000000,15769798,15769798,1640995336147,False,True
11435058,2.18100000,38.30000000,15769799,15769799,1640995344944,False,True
11435059,2.18200000,13.10000000,15769800,15769800,1640995344944,False,True
11435060,2.18300000,13.20000000,15769801,15769801,1640995345183,False,True
11435061,2.18400000,33.80000000,15769802,15769803,1640995345183,False,True
11435062,2.18400000,55.00000000,15769804,15769804,1640995345225,False,True
11435063,2.18400000,46.10000000,15769805,15769805,1640995345235,False,True
11435064,2.18200000,17.30000000,15769806,15769806,1640995350534,True,True
11435065,2.18600000,758.50000000,15769807,15769811,1640995354905,False,True
11435066,2.18600000,68.60000000,15769812,15769812,1640995356736,False,True
11435067,2.18700000,284.60000000,15769813,15769814,1640995358282,False,True
11435068,2.18400000,5.80000000,15769815,15769815,1640995360534,True,True
11435069,2.18800000,610.80000000,15769816,15769817,1640995361452,False,True
11435070,2.18900000,1296.60000000,15769818,15769819,1640995361452,False,True
11435071,2.18600000,37.30000000,15769820,15769820,1640995365534,True,True
11435072,2.19000000,27.50000000,15769821,15769822,1640995386572,False,True
11435073,2.19100000,287.30000000,15769823,15769824,1640995386572,False,True
11435074,2.19200000,241.20000000,15769825,15769827,1640995386572,False,True
11435075,2.19200000,126.10000000,15769828,15769829,1640995386585,False,True
11435076,2.19100000,209.20000000,15769830,15769830,1640995386587,True,True
11435077,2.19100000,115.60000000,15769831,15769831,1640995386587,True,True
11435078,2.19100000,48.20000000,15769832,15769832,1640995386604,False,True
11435079,2.19100000,10.50000000,15769833,15769833,1640995386650,True,True
11435080,2.18800000,10.50000000,15769834,15769834,1640995386734,False,True
11435081,2.19300000,67.40000000,15769835,15769837,1640995386777,False,True
11435082,2.19300000,51.10000000,15769838,15769838,1640995386797,False,True
11435083,2.19100000,10.00000000,15769839,15769839,1640995386872,True,True
11435084,2.19200000,10.00000000,15769840,15769840,1640995387126,False,True
11435085,2.19300000,151.00000000,15769841,15769841,1640995387454,False,True
11435086,2.19300000,68.30000000,15769842,15769842,1640995387788,False,True
11435087,2.19000000,11.10000000,15769843,15769843,1640995390534,True,True
11435088,2.19400000,1401.90000000,15769844,15769848,1640995392682,False,True
11435089,2.19600000,334.60000000,15769849,15769850,1640995392682,False,True
11435090,2.19600000,10.00000000,15769851,15769851,1640995392687,True,True
11435091,2.19000000,10.00000000,15769852,15769852,1640995392699,True,True
11435092,2.19600000,71.00000000,15769853,15769853,1640995397161,False,True
11435093,2.19600000,57.60000000,15769854,15769854,1640995397176,True,True
11435094,2.19600000,23.40000000,15769855,15769855,1640995397177,True,True
11435095,2.19600000,23.40000000,15769856,15769856,1640995399324,False,True
11435096,2.19700000,26.20000000,15769857,15769858,1640995399324,False,True
11435097,2.19800000,19.70000000,15769859,15769859,1640995399665,False,True
11435098,2.19900000,359.20000000,15769860,15769861,1640995399665,False,True
11435099,2.20000000,1390.80000000,15769862,15769865,1640995399665,False,True
11435100,2.19400000,50.00000000,15769866,15769866,1640995400308,True,True
11435101,2.19400000,10.20000000,15769867,15769867,1640995400533,True,True
11435102,2.19800000,227.60000000,15769868,15769868,1640995402205,True,True
11435103,2.19700000,192.40000000,15769869,15769869,1640995402205,True,True
11435104,2.19400000,102.60000000,15769870,15769870,1640995402746,True,True
11435105,2.19400000,122.70000000,15769871,15769871,1640995404060,True,True
11435106,2.19500000,25.10000000,15769872,15769873,1640995405535,True,True
11435107,2.20100000,1.30000000,15769874,15769874,1640995407127,False,True
11435108,2.19400000,62.60000000,15769875,15769875,1640995408979,True,True
11435109,2.19400000,32.50000000,15769876,15769876,1640995409701,True,True
11435110,2.19400000,405.50000000,15769877,15769879,1640995410303,True,True
11435111,2.19400000,51.70000000,15769880,15769882,1640995410314,True,True
11435112,2.19400000,152.60000000,15769883,15769889,1640995410315,True,True
11435113,2.19400000,49.90000000,15769890,15769890,1640995410327,True,True
11435114,2.19400000,74.70000000,15769891,15769891,1640995410380,True,True
11435115,2.19400000,74.70000000,15769892,15769892,1640995410526,True,True
11435116,2.19400000,103.60000000,15769893,15769897,1640995412361,True,True
11435117,2.19400000,76.70000000,15769898,15769901,1640995412363,True,True
11435118,2.19400000,47.30000000,15769902,15769904,1640995412369,True,True
11435119,2.19300000,123.50000000,15769905,15769905,1640995412369,True,True
11435120,2.19300000,72.40000000,15769906,15769906,1640995412374,True,True
11435121,2.19300000,130.50000000,15769907,15769907,1640995412383,True,True
11435122,2.19200000,158.40000000,15769908,15769908,1640995412886,True,True
11435123,2.19200000,1806.50000000,15769909,15769909,1640995412886,True,True
11435124,2.19700000,4.90000000,15769910,15769910,1640995416682,False,True
11435125,2.18800000,225.80000000,15769911,15769912,1640995416786,True,True
11435126,2.18700000,192.50000000,15769913,15769913,1640995416833,True,True
11435127,2.18800000,167.10000000,15769914,15769914,1640995417418,True,True
11435128,2.18800000,220.00000000,15769915,15769915,1640995418855,True,True
11435129,2.18800000,220.00000000,15769916,15769916,1640995418930,True,True
11435130,2.18800000,200.20000000,15769917,15769917,1640995418939,False,True
11435131,2.18800000,869.20000000,15769918,15769918,1640995418939,False,True
11435132,2.18800000,272.50000000,15769919,15769919,1640995418940,False,True
11435133,2.18800000,207.80000000,15769920,15769920,1640995418941,False,True
11435134,2.18800000,290.90000000,15769921,15769921,1640995418942,False,True
11435135,2.18800000,89.40000000,15769922,15769922,1640995418943,False,True
11435136,2.18900000,91.60000000,15769923,15769923,1640995418964,True,True
11435137,2.18800000,40.10000000,15769924,15769924,1640995418964,True,True
11435138,2.19300000,503.40000000,15769925,15769935,1640995421371,False,True
11435139,2.19300000,8.80000000,15769936,15769936,1640995421374,False,True
11435140,2.19300000,220.00000000,15769937,15769937,1640995421398,False,True
11435141,2.19300000,220.00000000,15769938,15769938,1640995423060,False,True
11435142,2.19300000,228.20000000,15769939,15769948,1640995423071,False,True
11435143,2.19300000,220.00000000,15769949,15769949,1640995423083,False,True
11435144,2.19900000,18.00000000,15769950,15769950,1640995450189,False,True
11435145,2.20000000,18.00000000,15769951,15769951,1640995455577,False,True
11435146,2.20000000,18.00000000,15769952,15769952,1640995460929,False,True
11435147,2.20000000,22.70000000,15769953,15769953,1640995477964,False,True
11435148,2.19500000,30.60000000,15769954,15769954,1640995509973,True,True
11435149,2.19700000,86.10000000,15769955,15769956,1640995527598,False,True
11435150,2.19800000,125.40000000,15769957,15769957,1640995528766,False,True
11435151,2.19800000,41.70000000,15769958,15769958,1640995528780,False,True
11435152,2.20100000,20.30000000,15769959,15769960,1640995530112,False,True
11435153,2.20200000,50.90000000,15769961,15769961,1640995530128,False,True
11435154,2.20300000,40.00000000,15769962,15769963,1640995532135,False,True
11435155,2.20400000,27.20000000,15769964,15769966,1640995532135,False,True
11435156,2.20400000,27.10000000,15769967,15769967,1640995532925,False,True
11435157,2.20500000,231.40000000,15769968,15769969,1640995532925,False,True
11435158,2.20500000,77.10000000,15769970,15769971,1640995532941,False,True
11435159,2.20200000,71.00000000,15769972,15769972,1640995534602,True,True
11435160,2.20200000,71.00000000,15769973,15769973,1640995534612,True,True
11435161,2.20200000,71.00000000,15769974,15769974,1640995534614,True,True
11435162,2.20200000,71.00000000,15769975,15769975,1640995534627,True,True
11435163,2.20200000,17.10000000,15769976,15769976,1640995535579,True,True
11435164,2.20600000,9.80000000,15769977,15769977,1640995538201,False,True
11435165,2.20600000,79.80000000,15769978,15769979,1640995539287,False,True
11435166,2.20600000,72.40000000,15769980,15769980,1640995539527,False,True
11435167,2.20600000,524.30000000,15769981,15769981,1640995539792,False,True
11435168,2.20600000,133.20000000,15769982,15769982,1640995539803,False,True
11435169,2.20600000,5.90000000,15769983,15769983,1640995539818,False,True
11435170,2.20700000,7.00000000,15769984,15769984,1640995539818,False,True
11435171,2.20600000,53.80000000,15769985,15769985,1640995540556,True,True
11435172,2.20600000,23.70000000,15769986,15769986,1640995540569,True,True
11435173,2.20500000,35.20000000,15769987,15769987,1640995545015,True,True
11435174,2.20700000,5.30000000,15769988,15769988,1640995555517,False,True
11435175,2.20800000,348.30000000,15769989,15769993,1640995555517,False,True
11435176,2.21000000,255.00000000,15769994,15769995,1640995555750,False,True
11435177,2.21100000,952.40000000,15769996,15769999,1640995555750,False,True
11435178,2.21200000,1818.20000000,15770000,15770002,1640995555750,False,True
11435179,2.21300000,168.00000000,15770003,15770003,1640995555750,False,True
11435180,2.21300000,81.20000000,15770004,15770004,1640995555757,True,True
11435181,2.21300000,81.20000000,15770005,15770005,1640995555757,True,True
11435182,2.21300000,1704.70000000,15770006,15770006,1640995555760,True,True
11435183,2.21300000,22.20000000,15770007,15770007,1640995555761,True,True
11435184,2.21400000,66.20000000,15770008,15770009,1640995555762,False,True
11435185,2.21500000,21.90000000,15770010,15770011,1640995555762,False,True
11435186,2.21600000,111.00000000,15770012,15770015,1640995555762,False,True
11435187,2.21600000,79.60000000,15770016,15770016,1640995555766,True,True
11435188,2.21300000,0.80000000,15770017,15770017,1640995555766,True,True
11435189,2.21300000,81.60000000,15770018,15770018,1640995555768,True,True
11435190,2.21300000,63.90000000,15770019,15770019,1640995555853,True,True
11435191,2.21300000,63.90000000,15770020,15770020,1640995555953,True,True
11435192,2.21400000,319.80000000,15770021,15770021,1640995555972,True,True
11435193,2.21300000,187.90000000,15770022,15770022,1640995557216,True,True
11435194,2.21700000,22.60000000,15770023,15770023,1640995557429,False,True
11435195,2.21700000,4.60000000,15770024,15770024,1640995557477,False,True
11435196,2.21700000,65.20000000,15770025,15770025,1640995561820,False,True
11435197,2.21800000,809.90000000,15770026,15770038,1640995561820,False,True
11435198,2.21900000,473.10000000,15770039,15770041,1640995561820,False,True
11435199,2.22000000,190.20000000,15770042,15770046,1640995561820,False,True
11435200,2.22100000,1245.50000000,15770047,15770048,1640995561820,False,True
11435201,2.22200000,1862.10000000,15770049,15770051,1640995561820,False,True
11435202,2.22200000,3511.00000000,15770052,15770052,1640995561830,True,True
11435203,2.21900000,19.00000000,15770053,15770053,1640995561856,True,True
11435204,2.21900000,31.90000000,15770054,15770054,1640995561862,True,True
11435205,2.21400000,220.00000000,15770055,15770055,1640995561862,True,True
11435206,2.21300000,860.10000000,15770056,15770056,1640995561862,True,True
11435207,2.21900000,66.80000000,15770057,15770057,1640995563009,False,True
11435208,2.21600000,125.50000000,15770058,15770063,1640995563472,True,True
11435209,2.21600000,99.90000000,15770064,15770068,1640995565182,True,True
11435210,2.21500000,596.20000000,15770069,15770070,1640995565182,True,True
11435211,2.21300000,38.00000000,15770071,15770071,1640995565546,True,True
11435212,2.21400000,671.00000000,15770072,15770083,1640995567411,True,True
11435213,2.21300000,743.90000000,15770084,15770084,1640995567411,True,True
11435214,2.21800000,225.50000000,15770085,15770094,1640995574209,False,True
11435215,2.21900000,378.80000000,15770095,15770096,1640995574209,False,True
11435216,2.22000000,973.70000000,15770097,15770108,1640995574209,False,True
11435217,2.22300000,1958.40000000,15770109,15770111,1640995574209,False,True
11435218,2.22500000,21.60000000,15770112,15770112,1640995574209,False,True
11435219,2.22600000,12.80000000,15770113,15770113,1640995574209,False,True
11435220,2.22700000,2539.50000000,15770114,15770120,1640995574209,False,True
11435221,2.22200000,4.60000000,15770121,15770121,1640995575139,False,True
11435222,2.21800000,54.90000000,15770122,15770122,1640995575549,True,True
11435223,2.21800000,13.70000000,15770123,15770123,1640995578575,True,True
11435224,2.22200000,24.30000000,15770124,15770124,1640995579921,False,True
11435225,2.22200000,4.60000000,15770125,15770126,1640995579952,False,True
11435226,2.22000000,242.90000000,15770127,15770128,1640995581903,True,True
11435227,2.22000000,202.10000000,15770129,15770137,1640995581916,True,True
11435228,2.22000000,20.80000000,15770138,15770138,1640995585551,True,True
11435229,2.22400000,670.20000000,15770139,15770150,1640995588432,False,True
11435230,2.22500000,761.30000000,15770151,15770152,1640995588432,False,True
11435231,2.22600000,380.50000000,15770153,15770153,1640995588432,False,True
11435232,2.22800000,1954.70000000,15770154,15770157,1640995588432,False,True
11435233,2.22900000,23.60000000,15770158,15770159,1640995588432,False,True
11435234,2.23000000,54.50000000,15770160,15770162,1640995588432,False,True
11435235,2.23000000,7084.40000000,15770163,15770163,1640995588438,True,True
11435236,2.23000000,0.30000000,15770164,15770164,1640995588438,True,True
11435237,2.21900000,222.80000000,15770165,15770165,1640995588455,True,True
11435238,2.22000000,166.40000000,15770166,15770166,1640995588478,True,True
11435239,2.22300000,319.20000000,15770167,15770172,1640995589526,True,True
11435240,2.22400000,220.00000000,15770173,15770173,1640995589654,True,True
11435241,2.22800000,9.00000000,15770174,15770174,1640995589883,True,True
11435242,2.22300000,4.90000000,15770175,15770175,1640995590029,True,True
11435243,2.22900000,9.00000000,15770176,15770176,1640995590512,False,True
11435244,2.22400000,220.00000000,15770177,15770177,1640995590624,True,True
11435245,2.22400000,220.00000000,15770178,15770178,1640995590650,True,True
11435246,2.22400000,76.70000000,15770179,15770179,1640995590663,True,True
11435247,2.22400000,319.20000000,15770180,15770181,1640995590757,True,True
11435248,2.21900000,5.50000000,15770182,15770182,1640995593356,True,True
11435249,2.22400000,728.70000000,15770183,15770185,1640995593855,False,True
11435250,2.22500000,220.00000000,15770186,15770186,1640995593855,False,True
11435251,2.22600000,220.00000000,15770187,15770187,1640995593855,False,True
11435252,2.23000000,2371.00000000,15770188,15770190,1640995593855,False,True
11435253,2.23100000,337.00000000,15770191,15770192,1640995593855,False,True
11435254,2.23200000,223.20000000,15770193,15770193,1640995593855,False,True
11435255,2.23300000,4092.60000000,15770194,15770197,1640995593855,False,True
11435256,2.22300000,225.00000000,15770198,15770207,1640995593874,False,True
11435257,2.22400000,18.60000000,15770208,15770208,1640995593947,True,True
11435258,2.22400000,53.10000000,15770209,15770209,1640995593955,True,True
11435259,2.22400000,21.90000000,15770210,15770210,1640995593963,True,True
11435260,2.22400000,53.10000000,15770211,15770211,1640995593971,True,True
11435261,2.22800000,22.90000000,15770212,15770212,1640995595011,False,True
11435262,2.22500000,329.20000000,15770213,15770213,1640995595035,True,True
11435263,2.22500000,95.80000000,15770214,15770214,1640995595041,True,True
11435264,2.23400000,8.90000000,15770215,15770215,1640995595361,False,True
11435265,2.22400000,137.30000000,15770216,15770216,1640995596603,True,True
11435266,2.23000000,4.80000000,15770217,15770217,1640995596892,False,True
11435267,2.22900000,7.40000000,15770218,15770218,1640995597762,False,True
11435268,2.22900000,22.90000000,15770219,15770220,1640995597811,False,True
11435269,2.23000000,22.50000000,15770221,15770221,1640995598806,True,True
11435270,2.22400000,319.20000000,15770222,15770222,1640995598976,True,True
11435271,2.22900000,261.50000000,15770223,15770223,1640995599013,False,True
11435272,2.22500000,319.20000000,15770224,15770226,1640995600318,True,True
11435273,2.22900000,224.40000000,15770227,15770236,1640995601251,False,True
11435274,2.23000000,467.00000000,15770237,15770239,1640995601251,False,True
11435275,2.23100000,220.00000000,15770240,15770240,1640995601251,False,True
11435276,2.23200000,838.40000000,15770241,15770243,1640995601251,False,True
11435277,2.23400000,9.20000000,15770244,15770245,1640995601251,False,True
11435278,2.23600000,28.00000000,15770246,15770247,1640995601251,False,True
11435279,2.23700000,1992.80000000,15770248,15770249,1640995601251,False,True
11435280,2.23800000,2347.40000000,15770250,15770251,1640995601251,False,True
11435281,2.23300000,92.70000000,15770252,15770252,1640995602324,True,True
11435282,2.23000000,319.20000000,15770253,15770255,1640995603243,True,True
11435283,2.23100000,103.10000000,15770256,15770256,1640995604376,True,True
11435284,2.23100000,44.00000000,15770257,15770257,1640995604408,True,True
11435285,2.23700000,220.00000000,15770258,15770258,1640995604875,False,True
11435286,2.23800000,761.30000000,15770259,15770260,1640995604875,False,True
11435287,2.24000000,143.50000000,15770261,15770263,1640995604875,False,True
11435288,2.24000000,24.30000000,15770264,15770264,1640995604880,True,True
11435289,2.24000000,327.30000000,15770265,15770265,1640995604884,True,True
11435290,2.24000000,1143.80000000,15770266,15770266,1640995604885,True,True
11435291,2.24000000,1978.20000000,15770267,15770267,1640995604887,True,True
11435292,2.23700000,4.60000000,15770268,15770268,1640995605535,True,True
11435293,2.23100000,118.60000000,15770269,15770269,1640995605555,True,True
11435294,2.23100000,319.20000000,15770270,15770270,1640995605562,True,True
11435295,2.22900000,27.50000000,15770271,15770271,1640995605992,True,True
11435296,2.23800000,312.10000000,15770272,15770272,1640995606316,True,True
11435297,2.23000000,130.00000000,15770273,15770278,1640995606396,True,True
11435298,2.23000000,319.20000000,15770279,15770281,1640995607334,True,True
11435299,2.23000000,87.00000000,15770282,15770285,1640995608188,True,True
11435300,2.23000000,319.20000000,15770286,15770290,1640995608854,True,True
11435301,2.23000000,154.60000000,15770291,15770297,1640995609667,True,True
11435302,2.23100000,95.30000000,15770298,15770298,1640995610475,True,True
11435303,2.23100000,79.40000000,15770299,15770299,1640995610495,True,True
11435304,2.23100000,291.60000000,15770300,15770301,1640995610520,True,True
11435305,2.23000000,319.20000000,15770302,15770307,1640995610903,True,True
11435306,2.22900000,224.10000000,15770308,15770317,1640995612878,True,True
11435307,2.22800000,105.30000000,15770318,15770318,1640995612878,True,True
11435308,2.23200000,1.60000000,15770319,15770319,1640995612928,False,True
11435309,2.22900000,44.80000000,15770320,15770320,1640995613797,True,True
11435310,2.22500000,220.00000000,15770321,15770321,1640995614878,True,True
11435311,2.22500000,220.00000000,15770322,15770322,1640995616441,True,True
11435312,2.22600000,25.90000000,15770323,15770323,1640995616961,True,True
11435313,2.22600000,168.50000000,15770324,15770324,1640995616964,True,True
11435314,2.22600000,69.00000000,15770325,15770325,1640995616976,True,True
11435315,2.22500000,220.00000000,15770326,15770326,1640995616976,True,True
11435316,2.22400000,123.10000000,15770327,15770327,1640995616976,True,True
11435317,2.22500000,220.00000000,15770328,15770328,1640995618377,True,True
11435318,2.23000000,4.60000000,15770329,15770329,1640995620658,False,True
11435319,2.23000000,62.60000000,15770330,15770330,1640995620658,False,True
11435320,2.22900000,224.40000000,15770331,15770331,1640995620739,True,True
11435321,2.22800000,94.80000000,15770332,15770332,1640995620739,True,True
11435322,2.23100000,319.20000000,15770333,15770333,1640995622078,True,True
11435323,2.23100000,208.50000000,15770334,15770334,1640995623257,True,True
11435324,2.22700000,220.00000000,15770335,15770335,1640995625009,True,True
11435325,2.22300000,12.80000000,15770336,15770336,1640995630269,True,True
11435326,2.22200000,12.70000000,15770337,15770337,1640995633894,True,True
11435327,2.22100000,21.50000000,15770338,15770338,1640995635886,True,True
11435328,2.22200000,220.00000000,15770339,15770339,1640995637121,False,True
11435329,2.21900000,9.10000000,15770340,15770340,1640995637122,True,True
11435330,2.21800000,133.40000000,15770341,15770341,1640995637122,True,True
11435331,2.22200000,220.00000000,15770342,15770342,1640995637146,False,True
11435332,2.22200000,220.00000000,15770343,15770343,1640995637159,False,True
11435333,2.22200000,220.00000000,15770344,15770344,1640995637180,False,True
11435334,2.22200000,220.00000000,15770345,15770345,1640995637191,False,True
11435335,2.22200000,220.00000000,15770346,15770346,1640995637331,False,True
11435336,2.22200000,13.50000000,15770347,15770347,1640995637345,False,True
11435337,2.22200000,206.50000000,15770348,15770348,1640995637351,False,True
11435338,2.22300000,90.30000000,15770349,15770350,1640995637478,False,True
11435339,2.22300000,202.20000000,15770351,15770359,1640995637488,False,True
11435340,2.22400000,133.30000000,15770360,15770360,1640995638037,False,True
11435341,2.22400000,87.50000000,15770361,15770361,1640995638048,False,True
11435342,2.22400000,47.40000000,15770362,15770362,1640995638055,False,True
11435343,2.22400000,270.50000000,15770363,15770363,1640995638742,False,True
11435344,2.22400000,135.20000000,15770364,15770365,1640995638751,False,True
11435345,2.22400000,405.70000000,15770366,15770368,1640995638752,False,True
11435346,2.22300000,319.20000000,15770369,15770371,1640995642210,True,True
11435347,2.22700000,24.70000000,15770372,15770373,1640995643156,False,True
11435348,2.22200000,319.20000000,15770374,15770377,1640995644307,True,True
11435349,2.22300000,8.90000000,15770378,15770378,1640995649163,True,True
11435350,2.22600000,8.90000000,15770379,15770379,1640995650554,False,True
11435351,2.22700000,23.30000000,15770380,15770380,1640995650554,False,True
11435352,2.22700000,217.80000000,15770381,15770382,1640995651204,False,True
11435353,2.22500000,22.40000000,15770383,15770383,1640995651774,True,True
11435354,2.22500000,22.40000000,15770384,15770384,1640995651912,True,True
11435355,2.22500000,157.50000000,15770385,15770385,1640995652430,False,True
11435356,2.22600000,242.40000000,15770386,15770387,1640995656057,False,True
11435357,2.22700000,220.00000000,15770388,15770388,1640995656057,False,True
11435358,2.22500000,22.40000000,15770389,15770389,1640995665844,True,True
11435359,2.22400000,22.40000000,15770390,15770390,1640995668153,True,True
11435360,2.22600000,36.00000000,15770391,15770391,1640995671810,False,True
11435361,2.22600000,76.10000000,15770392,15770393,1640995702332,False,True
11435362,2.22700000,399.40000000,15770394,15770396,1640995702332,False,True
11435363,2.22600000,22.40000000,15770397,15770397,1640995711624,False,True
11435364,2.22700000,22.90000000,15770398,15770398,1640995711624,False,True
11435365,2.22700000,178.90000000,15770399,15770406,1640995711638,False,True
11435366,2.22800000,50.30000000,15770407,15770407,1640995711844,False,True
11435367,2.22800000,8.90000000,15770408,15770408,1640995714250,False,True
11435368,2.22600000,22.40000000,15770409,15770409,1640995716950,True,True
11435369,2.22500000,9.20000000,15770410,15770410,1640995716950,True,True
11435370,2.22600000,22.40000000,15770411,15770411,1640995720312,True,True
11435371,2.22500000,44.80000000,15770412,15770412,1640995720506,False,True
11435372,2.22600000,67.20000000,15770413,15770413,1640995726850,False,True
11435373,2.22400000,47.10000000,15770414,15770415,1640995732024,True,True
11435374,2.22400000,171.00000000,15770416,15770416,1640995732024,True,True
11435375,2.22400000,171.00000000,15770417,15770418,1640995732027,True,True
11435376,2.22400000,117.50000000,15770419,15770419,1640995732029,True,True
11435377,2.22400000,40.60000000,15770420,15770420,1640995732029,True,True
11435378,2.22400000,22.40000000,15770421,15770421,1640995733195,True,True
11435379,2.22300000,22.90000000,15770422,15770422,1640995733195,True,True
11435380,2.22300000,45.30000000,15770423,15770424,1640995733200,True,True
11435381,2.22300000,156.40000000,15770425,15770432,1640995733206,True,True
11435382,2.22400000,22.40000000,15770433,15770433,1640995733222,True,True
11435383,2.22000000,1.60000000,15770434,15770434,1640995741618,False,True
11435384,2.21800000,312.30000000,15770435,15770438,1640995741657,True,True
11435385,2.21700000,220.00000000,15770439,15770439,1640995741658,True,True
11435386,2.21700000,220.00000000,15770440,15770440,1640995741684,True,True
11435387,2.21600000,242.80000000,15770441,15770443,1640995741686,True,True
11435388,2.21600000,225.30000000,15770444,15770453,1640995741705,True,True
11435389,2.21500000,225.80000000,15770454,15770457,1640995741718,True,True
11435390,2.21500000,32.20000000,15770458,15770458,1640995741729,True,True
11435391,2.21500000,135.40000000,15770459,15770459,1640995741751,False,True
11435392,2.21300000,137.50000000,15770460,15770460,1640995742222,True,True
11435393,2.21300000,82.50000000,15770461,15770461,1640995742232,True,True
11435394,2.21400000,23.50000000,15770462,15770462,1640995742320,False,True
11435395,2.21400000,42.10000000,15770463,15770463,1640995742328,False,True
11435396,2.21300000,100.00000000,15770464,15770464,1640995742909,True,True
11435397,2.21300000,120.00000000,15770465,15770465,1640995742920,True,True
11435398,2.21300000,100.00000000,15770466,15770466,1640995742920,False,True
11435399,2.21500000,441.30000000,15770467,15770467,1640995742920,False,True
11435400,2.21500000,18.50000000,15770468,15770468,1640995743718,False,True
11435401,2.21500000,229.00000000,15770469,15770470,1640995744112,True,True
11435402,2.21500000,8.90000000,15770471,15770471,1640995750501,True,True
11435403,2.21600000,15.50000000,15770472,15770472,1640995755569,False,True
11435404,2.21300000,9.00000000,15770473,15770473,1640995764344,True,True
11435405,2.21200000,80.70000000,15770474,15770475,1640995764432,True,True
11435406,2.21100000,12.80000000,15770476,15770476,1640995764440,True,True
11435407,2.21100000,135.80000000,15770477,15770477,1640995764450,False,True
11435408,2.21100000,12.50000000,15770478,15770478,1640995765574,False,True
11435409,2.21000000,26.60000000,15770479,15770480,1640995766570,True,True
11435410,2.20900000,220.00000000,15770481,15770481,1640995766672,False,True
11435411,2.20900000,220.00000000,15770482,15770482,1640995766682,False,True
11435412,2.21000000,220.00000000,15770483,15770483,1640995766733,False,True
11435413,2.21000000,226.10000000,15770484,15770484,1640995766746,False,True
11435414,2.20900000,413.80000000,15770485,15770485,1640995766836,False,True
11435415,2.21000000,26.90000000,15770486,15770486,1640995766932,False,True
11435416,2.20900000,6.70000000,15770487,15770487,1640995768258,True,True
11435417,2.21100000,98.20000000,15770488,15770489,1640995769628,False,True
11435418,2.21400000,29.40000000,15770490,15770490,1640995792711,False,True
11435419,2.21500000,23.00000000,15770491,15770491,1640995793111,False,True
11435420,2.21500000,23.00000000,15770492,15770492,1640995793715,False,True
11435421,2.21500000,23.00000000,15770493,15770493,1640995794111,False,True
11435422,2.21500000,156.90000000,15770494,15770500,1640995794711,False,True
11435423,2.21600000,239.70000000,15770501,15770502,1640995794711,False,True
11435424,2.21600000,243.70000000,15770503,15770503,1640995794722,False,True
11435425,2.21700000,40.30000000,15770504,15770504,1640995794722,False,True
11435426,2.21500000,9.00000000,15770505,15770505,1640995794988,True,True
11435427,2.21400000,15.30000000,15770506,15770506,1640995794988,True,True
11435428,2.21600000,67.60000000,15770507,15770507,1640995795005,False,True
11435429,2.21700000,9.00000000,15770508,15770508,1640995809974,False,True
11435430,2.21700000,200.90000000,15770509,15770510,1640995817670,True,True
11435431,2.21700000,9.00000000,15770511,15770511,1640995817732,True,True
11435432,2.21700000,9.00000000,15770512,15770512,1640995817761,True,True
11435433,2.21600000,9.00000000,15770513,15770513,1640995817957,True,True
11435434,2.21500000,36.00000000,15770514,15770514,1640995821594,False,True
11435435,2.21600000,300.00000000,15770515,15770515,1640995821594,False,True
11435436,2.21600000,23.00000000,15770516,15770516,1640995821679,False,True
11435437,2.21600000,107.30000000,15770517,15770521,1640995821702,False,True
11435438,2.21600000,95.40000000,15770522,15770526,1640995821708,False,True
11435439,2.21900000,9.00000000,15770527,15770527,1640995824958,True,True
11435440,2.22000000,9.00000000,15770528,15770528,1640995838401,False,True
11435441,2.22000000,2208.60000000,15770529,15770529,1640995838410,True,True
11435442,2.22000000,76.80000000,15770530,15770530,1640995838419,True,True
11435443,2.22000000,343.80000000,15770531,15770531,1640995838422,True,True
11435444,2.22100000,8.90000000,15770532,15770532,1640995838684,True,True
11435445,2.22000000,202.00000000,15770533,15770533,1640995838684,True,True
11435446,2.22200000,8.90000000,15770534,15770534,1640995842013,False,True
11435447,2.22300000,179.70000000,15770535,15770535,1640995842013,False,True
11435448,2.22300000,107.70000000,15770536,15770537,1640995842024,False,True
11435449,2.22500000,21.60000000,15770538,15770538,1640995849014,False,True
11435450,2.22600000,127.90000000,15770539,15770540,1640995850134,False,True
11435451,2.22600000,152.80000000,15770541,15770544,1640995850144,False,True
11435452,2.22600000,127.80000000,15770545,15770550,1640995850149,False,True
11435453,2.22600000,227.50000000,15770551,15770552,1640995850161,False,True
11435454,2.22600000,41.70000000,15770553,15770554,1640995850170,False,True
11435455,2.22700000,32.40000000,15770555,15770555,1640995852115,False,True
11435456,2.22700000,17.90000000,15770556,15770557,1640995865923,False,True
11435457,2.22800000,302.20000000,15770558,15770559,1640995865923,False,True
11435458,2.22900000,67.20000000,15770560,15770560,1640995866746,False,True
11435459,2.22800000,8.90000000,15770561,15770561,1640995866793,True,True
11435460,2.22700000,532.40000000,15770562,15770562,1640995866793,True,True
11435461,2.22700000,8.90000000,15770563,15770563,1640995866803,True,True
11435462,2.22800000,8.90000000,15770564,15770564,1640995866818,False,True
11435463,2.22900000,532.40000000,15770565,15770565,1640995866818,False,True
11435464,2.22900000,8.90000000,15770566,15770566,1640995866829,False,True
11435465,2.23000000,22.60000000,15770567,15770568,1640995867778,False,True
11435466,2.22700000,774.40000000,15770569,15770571,1640995874131,True,True
11435467,2.22600000,263.40000000,15770572,15770572,1640995874131,True,True
11435468,2.22500000,502.30000000,15770573,15770575,1640995874131,True,True
11435469,2.22400000,220.00000000,15770576,15770576,1640995874131,True,True
11435470,2.22300000,333.80000000,15770577,15770577,1640995874131,True,True
11435471,2.22700000,228.90000000,15770578,15770579,1640995875181,False,True
11435472,2.22700000,220.00000000,15770580,15770580,1640995875221,False,True
11435473,2.23000000,560.10000000,15770581,15770583,1640995880125,False,True
11435474,2.23000000,765.70000000,15770584,15770585,1640995887146,False,True
11435475,2.23100000,236.50000000,15770586,15770587,1640995889743,False,True
11435476,2.23200000,530.60000000,15770588,15770590,1640995889743,False,True
11435477,2.23300000,224.70000000,15770591,15770593,1640995889743,False,True
11435478,2.23000000,8.90000000,15770594,15770594,1640995890615,True,True
11435479,2.22900000,6.90000000,15770595,15770595,1640995890615,True,True
11435480,2.23000000,8.90000000,15770596,15770596,1640995893530,True,True
11435481,2.22800000,444.30000000,15770597,15770598,1640995893530,True,True
11435482,2.22700000,400.00000000,15770599,15770600,1640995893530,True,True
11435483,2.22600000,497.40000000,15770601,15770602,1640995893530,True,True
11435484,2.23200000,220.00000000,15770603,15770603,1640995893552,False,True
11435485,2.23300000,1.60000000,15770604,15770604,1640995893553,False,True
11435486,2.23100000,17.80000000,15770605,15770605,1640995893564,False,True
11435487,2.23200000,234.90000000,15770606,15770606,1640995893579,False,True
11435488,2.23100000,220.00000000,15770607,15770607,1640995893590,False,True
11435489,2.23200000,50.90000000,15770608,15770609,1640995894003,False,True
11435490,2.23200000,173.90000000,15770610,15770610,1640995894745,False,True
11435491,2.23100000,31.30000000,15770611,15770611,1640995895479,True,True
11435492,2.23000000,149.50000000,15770612,15770612,1640995895479,True,True
11435493,2.23100000,14.80000000,15770613,15770613,1640995895595,True,True
11435494,2.23100000,16.50000000,15770614,15770614,1640995895596,True,True
11435495,2.23000000,23.40000000,15770615,15770615,1640995897084,True,True
11435496,2.23000000,7.90000000,15770616,15770616,1640995897399,True,True
11435497,2.22700000,667.90000000,15770617,15770628,1640995901666,True,True
11435498,2.22600000,137.60000000,15770629,15770629,1640995901666,True,True
11435499,2.23200000,110.00000000,15770630,15770630,1640995901687,False,True
11435500,2.23100000,55.00000000,15770631,15770631,1640995901709,False,True
11435501,2.23100000,258.90000000,15770632,15770633,1640995901722,False,True
11435502,2.23200000,102.80000000,15770634,15770638,1640995910248,False,True
11435503,2.23200000,104.90000000,15770639,15770644,1640995910254,False,True
11435504,2.23200000,16.50000000,15770645,15770645,1640995910262,False,True
11435505,2.23300000,100.40000000,15770646,15770646,1640995910262,False,True
11435506,2.23300000,66.80000000,15770647,15770647,1640995910263,False,True
11435507,2.23300000,69.80000000,15770648,15770648,1640995910269,False,True
11435508,2.23300000,55.20000000,15770649,15770649,1640995910284,False,True
11435509,2.23300000,75.00000000,15770650,15770650,1640995910284,False,True
11435510,2.23200000,25.90000000,15770651,15770651,1640995910826,True,True
11435511,2.23400000,18.10000000,15770652,15770653,1640995917094,False,True
11435512,2.23600000,21.50000000,15770654,15770654,1640995917094,False,True
11435513,2.23700000,236.90000000,15770655,15770656,1640995917094,False,True
11435514,2.23400000,31.20000000,15770657,15770657,1640995917175,True,True
11435515,2.23600000,273.20000000,15770658,15770658,1640995917208,False,True
11435516,2.23700000,25.90000000,15770659,15770659,1640995917208,False,True
11435517,2.23400000,9.00000000,15770660,15770660,1640995919000,True,True
11435518,2.23600000,31.20000000,15770661,15770661,1640995919056,False,True
11435519,2.23800000,486.70000000,15770662,15770664,1640995919056,False,True
11435520,2.23600000,31.20000000,15770665,15770665,1640995919077,True,True
11435521,2.23600000,10.00000000,15770666,15770666,1640995919083,True,True
11435522,2.23800000,9.00000000,15770667,15770667,1640995919091,False,True
11435523,2.23900000,219.20000000,15770668,15770669,1640995919091,False,True
11435524,2.23900000,4.40000000,15770670,15770670,1640995919101,False,True
11435525,2.23900000,75.00000000,15770671,15770671,1640995919197,False,True
11435526,2.23700000,67.00000000,15770672,15770672,1640995920202,False,True
11435527,2.23600000,35.50000000,15770673,15770674,1640995920598,True,True
11435528,2.23700000,14.80000000,15770675,15770675,1640995920655,True,True
11435529,2.23700000,38.70000000,15770676,15770676,1640995920806,True,True
11435530,2.23600000,53.50000000,15770677,15770677,1640995921274,True,True
11435531,2.23400000,134.40000000,15770678,15770678,1640995921407,True,True
11435532,2.23900000,31.20000000,15770679,15770679,1640995923707,False,True
11435533,2.24000000,131.50000000,15770680,15770680,1640995923707,False,True
11435534,2.24000000,270.10000000,15770681,15770687,1640995923715,False,True
11435535,2.23900000,107.00000000,15770688,15770688,1640995923731,False,True
11435536,2.24000000,23.30000000,15770689,15770689,1640995923731,False,True
11435537,2.24000000,129.40000000,15770690,15770693,1640995923742,False,True
11435538,2.23700000,53.50000000,15770694,15770694,1640995926491,True,True
11435539,2.23700000,53.50000000,15770695,15770695,1640995926545,True,True
11435540,2.23700000,53.50000000,15770696,15770696,1640995926601,True,True
11435541,2.24000000,53.50000000,15770697,15770697,1640995927046,False,True
11435542,2.24000000,107.00000000,15770698,15770698,1640995927167,False,True
11435543,2.24100000,98.00000000,15770699,15770700,1640995927205,False,True
11435544,2.24000000,44.80000000,15770701,15770701,1640995927809,True,True
11435545,2.23900000,25.20000000,15770702,15770702,1640995928977,True,True
11435546,2.23900000,28.30000000,15770703,15770703,1640995930596,True,True
11435547,2.23700000,16.20000000,15770704,15770704,1640995930596,True,True
11435548,2.23800000,53.50000000,15770705,15770705,1640995930631,True,True
11435549,2.24000000,53.50000000,15770706,15770706,1640995930633,False,True
11435550,2.24000000,53.50000000,15770707,15770707,1640995930659,False,True
11435551,2.23800000,53.50000000,15770708,15770708,1640995933051,True,True
11435552,2.23800000,53.50000000,15770709,15770709,1640995933065,True,True
11435553,2.23800000,53.50000000,15770710,15770710,1640995933087,True,True
11435554,2.23600000,78.20000000,15770711,15770711,1640995935553,True,True
11435555,2.23600000,11.20000000,15770712,15770712,1640995938528,True,True
11435556,2.24000000,24.70000000,15770713,15770713,1640995940594,False,True
11435557,2.23500000,223.50000000,15770714,15770723,1640995946947,True,True
11435558,2.23400000,242.60000000,15770724,15770725,1640995946947,True,True
11435559,2.23400000,207.80000000,15770726,15770727,1640995946959,True,True
11435560,2.23400000,216.40000000,15770728,15770728,1640995946962,True,True
11435561,2.23400000,55.00000000,15770729,15770729,1640995946980,True,True
11435562,2.23400000,220.00000000,15770730,15770731,1640995946982,True,True
11435563,2.23300000,55.50000000,15770732,15770732,1640995947017,True,True
11435564,2.23300000,97.00000000,15770733,15770733,1640995947022,True,True
11435565,2.23200000,67.90000000,15770734,15770734,1640995951051,False,True
11435566,2.23200000,67.90000000,15770735,15770735,1640995951052,False,True
11435567,2.23300000,90.70000000,15770736,15770739,1640995951052,False,True
11435568,2.23300000,133.30000000,15770740,15770746,1640995951064,False,True
11435569,2.23400000,36.90000000,15770747,15770747,1640995952003,True,True
11435570,2.23400000,16.70000000,15770748,15770748,1640995953490,True,True
11435571,2.23300000,59.70000000,15770749,15770750,1640995953490,True,True
11435572,2.23800000,635.90000000,15770751,15770754,1640995954354,False,True
11435573,2.23900000,220.00000000,15770755,15770755,1640995954354,False,True
11435574,2.23700000,16.70000000,15770756,15770756,1640995957377,False,True
11435575,2.23800000,220.00000000,15770757,15770757,1640995957377,False,True
11435576,2.23900000,443.60000000,15770758,15770759,1640995957377,False,True
11435577,2.24000000,420.00000000,15770760,15770761,1640995957377,False,True
11435578,2.24100000,32.60000000,15770762,15770764,1640995957377,False,True
11435579,2.24200000,29.10000000,15770765,15770765,1640995957377,False,True
11435580,2.24300000,736.70000000,15770766,15770770,1640995957377,False,True
11435581,2.24400000,213.50000000,15770771,15770773,1640995957377,False,True
11435582,2.24200000,53.40000000,15770774,15770774,1640995957548,True,True
11435583,2.24100000,71.30000000,15770775,15770775,1640995957571,True,True
11435584,2.24200000,53.40000000,15770776,15770776,1640995957611,True,True
11435585,2.24200000,53.40000000,15770777,15770777,1640995957620,False,True
11435586,2.24100000,53.40000000,15770778,15770778,1640995958745,True,True
11435587,2.24000000,223.30000000,15770779,15770779,1640995958745,True,True
11435588,2.23900000,220.00000000,15770780,15770780,1640995958745,True,True
11435589,2.23800000,98.00000000,15770781,15770781,1640995958745,True,True
11435590,2.23900000,53.40000000,15770782,15770782,1640995960082,True,True
11435591,2.23800000,220.00000000,15770783,15770783,1640995960082,True,True
11435592,2.23700000,220.00000000,15770784,15770784,1640995960082,True,True
11435593,2.23600000,737.50000000,15770785,15770795,1640995960082,True,True
11435594,2.23500000,1997.30000000,15770796,15770796,1640995960082,True,True
11435595,2.23100000,661.80000000,15770797,15770797,1640995960082,True,True
11435596,2.23800000,433.60000000,15770798,15770799,1640995961497,False,True
11435597,2.23900000,220.00000000,15770800,15770800,1640995961497,False,True
11435598,2.24000000,442.90000000,15770801,15770802,1640995961497,False,True
11435599,2.23900000,53.40000000,15770803,15770803,1640995962708,True,True
11435600,2.23800000,22.70000000,15770804,15770804,1640995962708,True,True
11435601,2.23800000,170.40000000,15770805,15770805,1640995962720,True,True
11435602,2.23900000,53.40000000,15770806,15770806,1640995962746,True,True
11435603,2.23900000,53.50000000,15770807,15770807,1640995962774,True,True
11435604,2.23800000,67.20000000,15770808,15770808,1640995966168,True,True
11435605,2.24000000,160.30000000,15770809,15770809,1640995966266,False,True
11435606,2.24100000,56.50000000,15770810,15770810,1640995966266,False,True
11435607,2.23900000,674.30000000,15770811,15770811,1640995966268,True,True
11435608,2.24000000,53.50000000,15770812,15770812,1640995966298,True,True
11435609,2.24000000,53.50000000,15770813,15770813,1640995966341,True,True
11435610,2.23900000,807.80000000,15770814,15770814,1640995966863,True,True
11435611,2.23900000,410.70000000,15770815,15770815,1640995966880,True,True
11435612,2.23900000,46.60000000,15770816,15770816,1640995966912,True,True
11435613,2.23900000,1046.60000000,15770817,15770817,1640995966912,True,True
11435614,2.23900000,68.20000000,15770818,15770818,1640995968603,True,True
11435615,2.23900000,201.30000000,15770819,15770819,1640995968682,True,True
11435616,2.23900000,64.00000000,15770820,15770820,1640995968877,True,True
11435617,2.23900000,94.50000000,15770821,15770821,1640995969430,True,True
11435618,2.23900000,491.80000000,15770822,15770822,1640995969700,True,True
11435619,2.23900000,40.00000000,15770823,15770823,1640995971189,True,True
11435620,2.23900000,430.30000000,15770824,15770824,1640995971953,True,True
11435621,2.23900000,541.10000000,15770825,15770825,1640995975718,True,True
11435622,2.23900000,501.90000000,15770826,15770826,1640995976814,True,True
11435623,2.23900000,246.10000000,15770827,15770827,1640995977789,True,True
11435624,2.23900000,269.30000000,15770828,15770828,1640995978202,True,True
11435625,2.23900000,227.10000000,15770829,15770829,1640995978835,True,True
11435626,2.23900000,230.00000000,15770830,15770830,1640995980025,True,True
11435627,2.23900000,62.30000000,15770831,15770831,1640995980541,True,True
11435628,2.24100000,53.50000000,15770832,15770832,1640995983646,False,True
11435629,2.24000000,148.70000000,15770833,15770833,1640995987208,True,True
11435630,2.24000000,53.40000000,15770834,15770834,1640995987229,True,True
11435631,2.24000000,53.50000000,15770835,15770835,1640995987240,True,True
11435632,2.24200000,53.50000000,15770836,15770836,1640995992561,False,True
11435633,2.24100000,101.50000000,15770837,15770837,1640995992591,True,True
11435634,2.24100000,53.40000000,15770838,15770838,1640995992645,True,True
11435635,2.24200000,53.50000000,15770839,15770839,1640995992653,False,True
11435636,2.24200000,53.40000000,15770840,15770840,1640995992679,False,True
11435637,2.24100000,65.40000000,15770841,15770841,1640995994078,True,True
11435638,2.24100000,82.50000000,15770842,15770842,1640995994099,True,True
11435639,2.24100000,137.50000000,15770843,15770843,1640995994352,True,True
11435640,2.24100000,148.80000000,15770844,15770844,1640995994362,True,True
11435641,2.24100000,71.20000000,15770845,15770845,1640995994536,True,True
11435642,2.24100000,53.40000000,15770846,15770846,1640995995816,True,True
11435643,2.24000000,263.40000000,15770847,15770847,1640996019755,True,True
11435644,2.24000000,53.50000000,15770848,15770848,1640996019784,True,True
11435645,2.23900000,3426.00000000,15770849,15770849,1640996021243,True,True
11435646,2.23900000,227.50000000,15770850,15770850,1640996021253,True,True
11435647,2.23900000,5104.00000000,15770851,15770851,1640996021255,True,True
11435648,2.23900000,148.80000000,15770852,15770852,1640996021257,True,True
11435649,2.23900000,3538.10000000,15770853,15770853,1640996021257,True,True
11435650,2.23400000,80.20000000,15770854,15770854,1640996023286,False,True
11435651,2.23400000,84.80000000,15770855,15770856,1640996023319,False,True
11435652,2.23400000,82.90000000,15770857,15770857,1640996023329,False,True
11435653,2.23400000,6.40000000,15770858,15770859,1640996031104,False,True
11435654,2.23500000,220.00000000,15770860,15770860,1640996031104,False,True
11435655,2.23600000,217.10000000,15770861,15770861,1640996031104,False,True
11435656,2.23300000,541.30000000,15770862,15770862,1640996031138,True,True
11435657,2.23400000,53.60000000,15770863,15770863,1640996031160,True,True
11435658,2.23300000,53.60000000,15770864,15770864,1640996031183,True,True
11435659,2.23400000,219.80000000,15770865,15770873,1640996043158,False,True
11435660,2.23300000,53.60000000,15770874,15770874,1640996043178,False,True
11435661,2.23400000,57.80000000,15770875,15770877,1640996043186,False,True
11435662,2.23600000,1.60000000,15770878,15770878,1640996043224,False,True
11435663,2.23600000,4.70000000,15770879,15770879,1640996043834,False,True
11435664,2.23300000,187.90000000,15770880,15770881,1640996045314,True,True
11435665,2.23400000,53.60000000,15770882,15770882,1640996045361,True,True
11435666,2.23300000,120.70000000,15770883,15770884,1640996045897,True,True
11435667,2.23200000,4.50000000,15770885,15770885,1640996045897,True,True
11435668,2.23400000,58.40000000,15770886,15770886,1640996055614,False,True
11435669,2.23200000,7.90000000,15770887,15770888,1640996055848,True,True
11435670,2.23200000,280.80000000,15770889,15770889,1640996058153,True,True
11435671,2.23100000,239.30000000,15770890,15770891,1640996068730,True,True
11435672,2.22900000,24.70000000,15770892,15770893,1640996111870,True,True
11435673,2.22800000,85.50000000,15770894,15770895,1640996111870,True,True
11435674,2.22700000,109.40000000,15770896,15770898,1640996111870,True,True
11435675,2.22700000,8.00000000,15770899,15770899,1640996114154,False,True
11435676,2.22700000,79.00000000,15770900,15770900,1640996129807,True,True
11435677,2.22700000,74.10000000,15770901,15770901,1640996129836,True,True
11435678,2.22700000,350.20000000,15770902,15770902,1640996129850,True,True
11435679,2.22700000,60.30000000,15770903,15770903,1640996129859,True,True
11435680,2.22700000,47.60000000,15770904,15770904,1640996129864,True,True
11435681,2.22700000,410.50000000,15770905,15770905,1640996129866,True,True
11435682,2.22700000,100.00000000,15770906,15770906,1640996129875,True,True
11435683,2.22700000,121.20000000,15770907,15770907,1640996129876,True,True
11435684,2.22700000,21.10000000,15770908,15770908,1640996129878,True,True
11435685,2.22800000,187.90000000,15770909,15770910,1640996152269,False,True
11435686,2.22700000,29.00000000,15770911,15770911,1640996153516,True,True
11435687,2.22700000,22.90000000,15770912,15770912,1640996162963,True,True
11435688,2.22700000,1.90000000,15770913,15770913,1640996166067,True,True
11435689,2.22600000,3.60000000,15770914,15770914,1640996166067,True,True
11435690,2.22700000,31.40000000,15770915,15770915,1640996166124,True,True
11435691,2.22800000,319.20000000,15770916,15770916,1640996179293,False,True
11435692,2.22800000,256.90000000,15770917,15770917,1640996195061,False,True
11435693,2.22900000,29.00000000,15770918,15770918,1640996195061,False,True
11435694,2.23000000,463.40000000,15770919,15770920,1640996195061,False,True
11435695,2.23000000,6593.30000000,15770921,15770921,1640996195077,True,True
11435696,2.22800000,36.70000000,15770922,15770922,1640996195098,True,True
11435697,2.22800000,53.60000000,15770923,15770923,1640996195099,True,True
11435698,2.23000000,56.20000000,15770924,15770924,1640996205941,False,True
11435699,2.23300000,6.60000000,15770925,15770925,1640996210630,False,True
11435700,2.23300000,193.40000000,15770926,15770926,1640996213924,False,True
11435701,2.23400000,90.30000000,15770927,15770927,1640996229762,False,True
11435702,2.23500000,267.10000000,15770928,15770929,1640996229762,False,True
11435703,2.23600000,1423.80000000,15770930,15770932,1640996247419,False,True
11435704,2.23700000,820.90000000,15770933,15770934,1640996247419,False,True
11435705,2.23700000,15.80000000,15770935,15770935,1640996247437,False,True
11435706,2.23900000,198.20000000,15770936,15770936,1640996248528,False,True
11435707,2.23900000,80.50000000,15770937,15770937,1640996248540,False,True
11435708,2.23900000,1100.00000000,15770938,15770938,1640996249511,False,True
11435709,2.23900000,100.00000000,15770939,15770939,1640996249512,False,True
11435710,2.24100000,85.10000000,15770940,15770941,1640996252785,False,True
11435711,2.24300000,93.50000000,15770942,15770942,1640996253245,False,True
11435712,2.24300000,31.10000000,15770943,15770945,1640996253256,False,True
11435713,2.24400000,23.30000000,15770946,15770947,1640996255528,False,True
11435714,2.24400000,1.40000000,15770948,15770948,1640996258331,False,True
11435715,2.24500000,360.30000000,15770949,15770950,1640996258331,False,True
11435716,2.24700000,28.00000000,15770951,15770952,1640996258331,False,True
11435717,2.24200000,8.80000000,15770953,15770953,1640996260608,True,True
11435718,2.24200000,167.10000000,15770954,15770954,1640996261861,True,True
11435719,2.24200000,78.20000000,15770955,15770956,1640996261871,True,True
11435720,2.24200000,31.10000000,15770957,15770957,1640996261899,True,True
11435721,2.23900000,255.40000000,15770958,15770960,1640996286556,True,True
11435722,2.24300000,1.40000000,15770961,15770961,1640996293877,False,True
11435723,2.23900000,53.40000000,15770962,15770962,1640996299320,True,True
11435724,2.23800000,153.50000000,15770963,15770963,1640996299320,True,True
11435725,2.23800000,22.70000000,15770964,15770964,1640996299632,True,True
11435726,2.23800000,22.70000000,15770965,15770965,1640996299686,True,True
11435727,2.23700000,263.40000000,15770966,15770966,1640996314534,True,True
11435728,2.23300000,287.10000000,15770967,15770968,1640996331421,True,True
11435729,2.23300000,220.00000000,15770969,15770969,1640996331433,True,True
11435730,2.23200000,141.10000000,15770970,15770971,1640996334142,True,True
11435731,2.23100000,220.00000000,15770972,15770972,1640996334508,True,True
11435732,2.23000000,114.50000000,15770973,15770974,1640996338357,True,True
11435733,2.23000000,114.50000000,15770975,15770975,1640996338368,True,True
11435734,2.23000000,220.00000000,15770976,15770976,1640996338709,True,True
11435735,2.22900000,91.90000000,15770977,15770979,1640996352989,True,True
11435736,2.22800000,1.10000000,15770980,15770980,1640996352989,True,True
11435737,2.22800000,17.10000000,15770981,15770981,1640996353973,True,True
11435738,2.22800000,89.70000000,15770982,15770982,1640996362803,False,True
11435739,2.22900000,6.50000000,15770983,15770983,1640996365648,False,True
11435740,2.22900000,239.20000000,15770984,15770985,1640996372849,False,True
11435741,2.23100000,263.40000000,15770986,15770986,1640996399511,False,True
11435742,2.23100000,254.00000000,15770987,15770987,1640996399577,True,True
11435743,2.23000000,251.30000000,15770988,15770989,1640996400604,True,True
11435744,2.23000000,251.30000000,15770990,15770991,1640996400617,True,True
11435745,2.23300000,319.20000000,15770992,15770992,1640996424927,False,True
11435746,2.23300000,31.30000000,15770993,15770993,1640996424969,False,True
11435747,2.23300000,31.30000000,15770994,15770994,1640996425047,False,True
11435748,2.23400000,67.10000000,15770995,15770995,1640996425210,False,True
11435749,2.23400000,31.30000000,15770996,15770996,1640996425649,True,True
11435750,2.23500000,31.30000000,15770997,15770997,1640996426768,False,True
11435751,2.23700000,220.00000000,15770998,15770998,1640996435621,False,True
11435752,2.23700000,220.00000000,15770999,15770999,1640996435653,False,True
11435753,2.23800000,278.90000000,15771000,15771001,1640996447584,True,True
11435754,2.23700000,28.00000000,15771002,15771002,1640996447584,True,True
11435755,2.23800000,31.20000000,15771003,15771003,1640996447613,True,True
11435756,2.23700000,31.20000000,15771004,15771004,1640996474295,True,True
11435757,2.23600000,280.50000000,15771005,15771007,1640996474295,True,True
11435758,2.23600000,225.60000000,15771008,15771008,1640996479217,True,True
11435759,2.23500000,44.70000000,15771009,15771009,1640996479306,True,True
11435760,2.23300000,138.30000000,15771010,15771010,1640996480478,False,True
11435761,2.23300000,44.70000000,15771011,15771011,1640996483313,True,True
11435762,2.23300000,264.70000000,15771012,15771013,1640996484260,False,True
11435763,2.23400000,319.20000000,15771014,15771015,1640996487520,False,True
11435764,2.23400000,5.30000000,15771016,15771016,1640996505624,True,True
11435765,2.23600000,5.30000000,15771017,15771017,1640996505758,False,True
11435766,2.23700000,7.50000000,15771018,15771018,1640996505814,False,True
11435767,2.23800000,264.60000000,15771019,15771020,1640996506801,True,True
11435768,2.23800000,132.30000000,15771021,15771022,1640996507091,True,True
11435769,2.23800000,132.30000000,15771023,15771023,1640996507102,True,True
11435770,2.23800000,66.20000000,15771024,15771025,1640996507187,True,True
11435771,2.24000000,44.60000000,15771026,15771026,1640996513786,False,True
11435772,2.24100000,18.20000000,15771027,15771027,1640996513786,False,True
11435773,2.24100000,89.20000000,15771028,15771028,1640996513823,False,True
11435774,2.24000000,44.60000000,15771029,15771029,1640996514850,True,True
11435775,2.24300000,44.60000000,15771030,15771030,1640996514869,False,True
11435776,2.24100000,44.50000000,15771031,15771031,1640996515946,True,True
11435777,2.24000000,220.00000000,15771032,15771032,1640996515946,True,True
11435778,2.24100000,187.90000000,15771033,15771033,1640996516581,True,True
11435779,2.24000000,44.50000000,15771034,15771034,1640996517173,True,True
11435780,2.23900000,143.40000000,15771035,15771041,1640996517173,True,True
11435781,2.24000000,44.50000000,15771042,15771042,1640996519387,True,True
11435782,2.23900000,312.00000000,15771043,15771044,1640996524903,False,True
11435783,2.23900000,44.60000000,15771045,15771045,1640996524913,False,True
11435784,2.23900000,223.10000000,15771046,15771046,1640996524954,False,True
11435785,2.23700000,22.70000000,15771047,15771047,1640996533230,True,True
11435786,2.24100000,11.20000000,15771048,15771048,1640996535806,False,True
11435787,2.24000000,22.70000000,15771049,15771049,1640996539064,False,True
11435788,2.24000000,23.30000000,15771050,15771050,1640996560006,True,True
11435789,2.23900000,44.60000000,15771051,15771051,1640996561498,True,True
11435790,2.23800000,44.60000000,15771052,15771052,1640996561527,True,True
11435791,2.23800000,44.60000000,15771053,15771053,1640996561560,True,True
11435792,2.23900000,275.60000000,15771054,15771054,1640996566112,True,True
11435793,2.23900000,125.20000000,15771055,15771055,1640996566118,True,True
11435794,2.23900000,83.30000000,15771056,15771056,1640996574698,True,True
11435795,2.24000000,1.60000000,15771057,15771057,1640996580622,False,True
11435796,2.23700000,223.10000000,15771058,15771067,1640996597700,True,True
11435797,2.23600000,2.60000000,15771068,15771068,1640996597700,True,True
11435798,2.23500000,69.00000000,15771069,15771069,1640996597761,True,True
11435799,2.23500000,60.50000000,15771070,15771070,1640996597783,True,True
11435800,2.23500000,6.60000000,15771071,15771071,1640996597793,True,True
11435801,2.23400000,319.20000000,15771072,15771074,1640996599001,False,True
11435802,2.23400000,319.20000000,15771075,15771077,1640996613902,False,True
11435803,2.23400000,319.20000000,15771078,15771083,1640996615721,False,True
11435804,2.23400000,102.00000000,15771084,15771088,1640996616526,False,True
11435805,2.23300000,26.80000000,15771089,15771089,1640996622311,True,True
11435806,2.23300000,17.90000000,15771090,15771090,1640996633569,True,True
11435807,2.23200000,76.40000000,15771091,15771091,1640996633569,True,True
11435808,2.23400000,319.20000000,15771092,15771092,1640996634452,False,True
11435809,2.23200000,44.70000000,15771093,15771093,1640996639196,True,True
11435810,2.23000000,443.80000000,15771094,15771104,1640996639196,True,True
11435811,2.22900000,443.30000000,15771105,15771106,1640996639196,True,True
11435812,2.22800000,483.20000000,15771107,15771108,1640996639196,True,True
11435813,2.22700000,695.10000000,15771109,15771111,1640996639196,True,True
11435814,2.22900000,44.70000000,15771112,15771112,1640996640336,True,True
11435815,2.22900000,319.20000000,15771113,15771114,1640996640832,False,True
11435816,2.23000000,38.20000000,15771115,15771115,1640996641942,False,True
11435817,2.23000000,223.90000000,15771116,15771125,1640996646839,True,True
11435818,2.23000000,519.80000000,15771126,15771126,1640996646850,False,True
11435819,2.23000000,82.00000000,15771127,15771127,1640996646851,False,True
11435820,2.23000000,77.40000000,15771128,15771128,1640996646854,False,True
11435821,2.23100000,224.30000000,15771129,15771138,1640996650374,False,True
11435822,2.23400000,220.00000000,15771139,15771139,1640996656862,False,True
11435823,2.23400000,165.00000000,15771140,15771140,1640996656906,False,True
11435824,2.23400000,55.00000000,15771141,15771141,1640996656918,False,True
11435825,2.23500000,224.00000000,15771142,15771151,1640996657764,False,True
11435826,2.23600000,319.20000000,15771152,15771152,1640996658900,False,True
11435827,2.24000000,242.70000000,15771153,15771154,1640996687233,False,True
11435828,2.23900000,319.20000000,15771155,15771156,1640996690116,False,True
11435829,2.24000000,242.70000000,15771157,15771158,1640996694001,False,True
11435830,2.24000000,420.70000000,15771159,15771168,1640996694013,False,True
11435831,2.24000000,220.00000000,15771169,15771169,1640996694038,False,True
11435832,2.24100000,319.20000000,15771170,15771170,1640996695887,False,True
11435833,2.24100000,319.20000000,15771171,15771174,1640996696567,False,True
11435834,2.24100000,61.10000000,15771175,15771176,1640996696611,False,True
11435835,2.24100000,272.00000000,15771177,15771184,1640996697606,False,True
11435836,2.24100000,34.10000000,15771185,15771185,1640996697650,True,True
11435837,2.24200000,66.90000000,15771186,15771186,1640996698612,False,True
11435838,2.24000000,285.10000000,15771187,15771188,1640996736727,True,True
11435839,2.24000000,221.90000000,15771189,15771189,1640996736729,True,True
11435840,2.23900000,52.50000000,15771190,15771192,1640996749562,True,True
11435841,2.23900000,59.50000000,15771193,15771195,1640996749573,True,True
11435842,2.23900000,111.00000000,15771196,15771201,1640996749576,True,True
11435843,2.23800000,238.00000000,15771202,15771202,1640996752657,True,True
11435844,2.23800000,237.90000000,15771203,15771204,1640996752701,True,True
11435845,2.24000000,8.90000000,15771205,15771205,1640996756745,False,True
11435846,2.23800000,4.50000000,15771206,15771206,1640996779398,True,True
11435847,2.23800000,252.30000000,15771207,15771207,1640996786681,True,True
11435848,2.23700000,132.80000000,15771208,15771208,1640996786792,True,True
11435849,2.23600000,5.50000000,15771209,15771209,1640996798882,True,True
11435850,2.23600000,265.20000000,15771210,15771212,1640996808909,True,True
11435851,2.23600000,87.70000000,15771213,15771213,1640996808920,True,True
11435852,2.23600000,44.90000000,15771214,15771214,1640996809069,True,True
11435853,2.23600000,222.80000000,15771215,15771224,1640996809111,True,True
11435854,2.23600000,1.70000000,15771225,15771225,1640996809151,False,True
11435855,2.22900000,13.60000000,15771226,15771226,1640996845197,True,True
11435856,2.23200000,5.40000000,15771227,15771227,1640996862374,False,True
11435857,2.23200000,319.20000000,15771228,15771233,1640996881322,False,True
11435858,2.23300000,263.40000000,15771234,15771234,1640996902240,False,True
11435859,2.23400000,34.20000000,15771235,15771235,1640996902347,False,True
11435860,2.23400000,34.20000000,15771236,15771236,1640996902352,False,True
11435861,2.23400000,34.20000000,15771237,15771237,1640996902495,False,True
11435862,2.23400000,34.20000000,15771238,15771238,1640996903115,False,True
11435863,2.23400000,34.20000000,15771239,15771239,1640996905767,False,True
11435864,2.23000000,158.00000000,15771240,15771240,1640996954808,True,True
11435865,2.23000000,105.40000000,15771241,15771241,1640996954911,True,True
11435866,2.23100000,139.30000000,15771242,15771242,1640996971376,False,True
11435867,2.23100000,128.20000000,15771243,15771243,1640996989896,False,True
11435868,2.23400000,15.60000000,15771244,15771244,1640997007455,True,True
11435869,2.23600000,20.00000000,15771245,15771245,1640997013501,False,True
11435870,2.23300000,319.20000000,15771246,15771252,1640997049797,False,True
11435871,2.23300000,287.30000000,15771253,15771258,1640997050706,False,True
11435872,2.23400000,263.40000000,15771259,15771259,1640997053334,False,True
11435873,2.23100000,288.10000000,15771260,15771261,1640997054937,True,True
11435874,2.23400000,144.70000000,15771262,15771262,1640997056264,False,True
11435875,2.23100000,266.30000000,15771263,15771273,1640997056997,True,True
11435876,2.23000000,70.20000000,15771274,15771274,1640997056997,True,True
11435877,2.23000000,22.30000000,15771275,15771275,1640997059376,True,True
11435878,2.23000000,46.70000000,15771276,15771276,1640997061251,True,True
11435879,2.23000000,136.00000000,15771277,15771278,1640997061348,True,True
11435880,2.23000000,794.60000000,15771279,15771291,1640997062799,True,True
11435881,2.23000000,1310.10000000,15771292,15771292,1640997062811,False,True
11435882,2.23000000,1550.00000000,15771293,15771293,1640997062821,False,True
11435883,2.23000000,383.00000000,15771294,15771294,1640997062822,False,True
11435884,2.23000000,266.50000000,15771295,15771295,1640997062822,False,True
11435885,2.23000000,57.90000000,15771296,15771296,1640997062829,False,True
11435886,2.23300000,139.30000000,15771297,15771297,1640997144585,False,True
11435887,2.23000000,157.90000000,15771298,15771299,1640997231318,True,True
11435888,2.23000000,118.40000000,15771300,15771300,1640997231330,True,True
11435889,2.23000000,67.20000000,15771301,15771301,1640997231348,True,True
11435890,2.23300000,191.20000000,15771302,15771302,1640997256740,True,True
11435891,2.23300000,191.20000000,15771303,15771303,1640997256754,True,True
11435892,2.23300000,47.80000000,15771304,15771304,1640997256779,True,True
11435893,2.23300000,88.20000000,15771305,15771305,1640997256796,True,True
11435894,2.23300000,47.80000000,15771306,15771306,1640997256796,True,True
11435895,2.23300000,47.80000000,15771307,15771307,1640997256819,True,True
11435896,2.23400000,135.30000000,15771308,15771308,1640997257628,True,True
11435897,2.23400000,119.50000000,15771309,15771309,1640997257720,True,True
11435898,2.23400000,71.70000000,15771310,15771310,1640997257743,True,True
11435899,2.23800000,228.50000000,15771311,15771313,1640997261353,False,True
11435900,2.23800000,91.10000000,15771314,15771316,1640997261364,False,True
11435901,2.23800000,16.10000000,15771317,15771318,1640997283871,False,True
11435902,2.23800000,573.40000000,15771319,15771336,1640997300428,False,True
11435903,2.23900000,847.30000000,15771337,15771337,1640997300428,False,True
11435904,2.23900000,343.90000000,15771338,15771339,1640997300445,False,True
11435905,2.23900000,47.80000000,15771340,15771340,1640997300473,False,True
11435906,2.23900000,143.40000000,15771341,15771341,1640997300475,False,True
11435907,2.23900000,47.80000000,15771342,15771342,1640997300525,False,True
11435908,2.24000000,263.40000000,15771343,15771343,1640997301314,False,True
11435909,2.24300000,1.50000000,15771344,15771344,1640997362710,False,True
11435910,2.24100000,4.80000000,15771345,15771345,1640997369717,True,True
11435911,2.24000000,383.80000000,15771346,15771347,1640997395425,True,True
11435912,2.24000000,71.70000000,15771348,15771348,1640997395437,True,True
11435913,2.24000000,107.20000000,15771349,15771349,1640997395442,True,True
11435914,2.24000000,47.80000000,15771350,15771350,1640997395449,True,True
11435915,2.24000000,65.80000000,15771351,15771351,1640997395700,True,True
11435916,2.24000000,65.70000000,15771352,15771353,1640997395714,True,True
11435917,2.24000000,59.80000000,15771354,15771354,1640997395725,True,True
11435918,2.24000000,10.80000000,15771355,15771355,1640997396244,True,True
11435919,2.24100000,284.00000000,15771356,15771356,1640997476504,True,True
11435920,2.24000000,4.70000000,15771357,15771357,1640997484781,True,True
11435921,2.24000000,4.70000000,15771358,15771358,1640997504344,True,True
11435922,2.24200000,4.80000000,15771359,15771359,1640997508213,False,True
11435923,2.24300000,0.50000000,15771360,15771360,1640997508213,False,True
11435924,2.23900000,389.30000000,15771361,15771363,1640997547471,True,True
11435925,2.24300000,15.00000000,15771364,15771365,1640997557257,False,True
11435926,2.24300000,172.00000000,15771366,15771366,1640997557338,True,True
11435927,2.24300000,165.80000000,15771367,15771367,1640997557348,True,True
11435928,2.24400000,24.70000000,15771368,15771369,1640997558497,False,True
11435929,2.24500000,9.00000000,15771370,15771370,1640997559599,False,True
11435930,2.24400000,172.00000000,15771371,15771371,1640997559697,True,True
11435931,2.24200000,4.70000000,15771372,15771372,1640997561390,True,True
11435932,2.24300000,123.20000000,15771373,15771373,1640997610150,False,True
11435933,2.24000000,286.20000000,15771374,15771374,1640997634136,True,True
11435934,2.24000000,190.90000000,15771375,15771375,1640997634140,True,True
11435935,2.23900000,139.40000000,15771376,15771376,1640997634152,True,True
11435936,2.23800000,67.00000000,15771377,15771377,1640997634696,True,True
11435937,2.23800000,9.00000000,15771378,15771378,1640997709177,True,True
11435938,2.23700000,5.50000000,15771379,15771379,1640997709177,True,True
11435939,2.24000000,17.40000000,15771380,15771380,1640997713395,True,True
11435940,2.24400000,4.60000000,15771381,15771381,1640997713712,True,True
11435941,2.24100000,123.20000000,15771382,15771387,1640997732664,True,True
11435942,2.24600000,724.90000000,15771388,15771391,1640997780049,False,True
11435943,2.24600000,200.10000000,15771392,15771400,1640997780061,False,True
11435944,2.24600000,102.10000000,15771401,15771405,1640997780083,False,True
11435945,2.24600000,120.70000000,15771406,15771411,1640997780096,False,True
11435946,2.24700000,139.10000000,15771412,15771414,1640997780122,False,True
11435947,2.24600000,51.40000000,15771415,15771416,1640997780221,True,True
11435948,2.24500000,43.60000000,15771417,15771417,1640997780659,True,True
11435949,2.24800000,8.90000000,15771418,15771418,1640997782227,False,True
11435950,2.24800000,1.30000000,15771419,15771419,1640997785130,False,True
11435951,2.24800000,171.80000000,15771420,15771422,1640997787246,False,True
11435952,2.24900000,63.90000000,15771423,15771425,1640997787297,False,True
11435953,2.24900000,66.60000000,15771426,15771426,1640997787982,False,True
11435954,2.24800000,7.30000000,15771427,15771427,1640997790662,True,True
11435955,2.25000000,23.60000000,15771428,15771429,1640997791841,False,True
11435956,2.25100000,354.80000000,15771430,15771431,1640997791841,False,True
11435957,2.25200000,213.40000000,15771432,15771435,1640997791841,False,True
11435958,2.25200000,332.10000000,15771436,15771436,1640997791850,False,True
11435959,2.25300000,31.50000000,15771437,15771438,1640997791850,False,True
11435960,2.25200000,377.10000000,15771439,15771440,1640997791861,False,True
11435961,2.25300000,154.80000000,15771441,15771441,1640997791873,False,True
11435962,2.25300000,154.80000000,15771442,15771442,1640997791884,False,True
11435963,2.25300000,154.80000000,15771443,15771443,1640997791909,False,True
11435964,2.25200000,10.00000000,15771444,15771444,1640997792980,True,True
11435965,2.25100000,11.20000000,15771445,15771445,1640997794082,True,True
11435966,2.25100000,27.00000000,15771446,15771446,1640997794086,True,True
11435967,2.25100000,54.10000000,15771447,15771447,1640997795661,True,True
11435968,2.25300000,203.00000000,15771448,15771448,1640997814313,True,True
11435969,2.25300000,135.30000000,15771449,15771449,1640997814323,True,True
11435970,2.25300000,4.80000000,15771450,15771450,1640997820658,True,True
11435971,2.25400000,22.70000000,15771451,15771452,1640997824719,False,True
11435972,2.25400000,14.40000000,15771453,15771453,1640997824808,True,True
11435973,2.25300000,150.00000000,15771454,15771454,1640997825218,True,True
11435974,2.25200000,2139.30000000,15771455,15771456,1640997825218,True,True
11435975,2.25100000,130.00000000,15771457,15771458,1640997825229,True,True
11435976,2.25100000,598.50000000,15771459,15771470,1640997825240,True,True
11435977,2.25300000,4.50000000,15771471,15771471,1640997830079,False,True
11435978,2.25300000,6.70000000,15771472,15771472,1640997830770,False,True
11435979,2.25300000,22.20000000,15771473,15771473,1640997848881,False,True
11435980,2.25000000,263.40000000,15771474,15771474,1640997859372,True,True
11435981,2.24900000,77.40000000,15771475,15771475,1640997860068,True,True
11435982,2.24900000,70.00000000,15771476,15771476,1640997860079,True,True
11435983,2.24900000,7.40000000,15771477,15771477,1640997860114,True,True
11435984,2.24800000,85.60000000,15771478,15771478,1640997861109,True,True
11435985,2.24800000,177.80000000,15771479,15771479,1640997861112,True,True
11435986,2.24600000,23.00000000,15771480,15771480,1640997861154,True,True
11435987,2.24500000,80.10000000,15771481,15771481,1640997862616,True,True
11435988,2.24900000,6.60000000,15771482,15771482,1640997862718,False,True
11435989,2.24900000,4.80000000,15771483,15771483,1640997872545,False,True
11435990,2.24800000,111.30000000,15771484,15771484,1640997873879,True,True
11435991,2.24900000,154.80000000,15771485,15771485,1640997882595,False,True
11435992,2.24900000,142.40000000,15771486,15771486,1640997901839,False,True
11435993,2.24800000,25.10000000,15771487,15771487,1640997903398,True,True
11435994,2.24800000,58.20000000,15771488,15771488,1640997904716,False,True
11435995,2.24700000,154.80000000,15771489,15771489,1640997905049,False,True
11435996,2.24700000,154.80000000,15771490,15771490,1640997905074,False,True
11435997,2.24700000,154.80000000,15771491,15771491,1640997905097,False,True
11435998,2.24500000,8.90000000,15771492,15771492,1640997926581,True,True
11435999,2.24400000,14.40000000,15771493,15771493,1640997926581,True,True
11436000,2.24500000,116.10000000,15771494,15771494,1640997933714,True,True
11436001,2.24500000,38.70000000,15771495,15771495,1640997933726,True,True
11436002,2.24500000,154.80000000,15771496,15771496,1640997933750,True,True
11436003,2.24300000,31.30000000,15771497,15771497,1640997939761,True,True
11436004,2.24300000,464.00000000,15771498,15771502,1640997946344,True,True
11436005,2.24700000,764.00000000,15771503,15771504,1640997948169,False,True
11436006,2.24700000,222.60000000,15771505,15771514,1640997948180,False,True
11436007,2.24800000,81.50000000,15771515,15771515,1640997948215,False,True
11436008,2.24800000,71.30000000,15771516,15771516,1640997948226,False,True
11436009,2.24800000,70.20000000,15771517,15771518,1640997948234,False,True
11436010,2.24800000,53.50000000,15771519,15771519,1640997948237,False,True
11436011,2.24900000,395.30000000,15771520,15771520,1640997948597,False,True
11436012,2.25000000,6.60000000,15771521,15771521,1640997948691,False,True
11436013,2.24800000,40.00000000,15771522,15771522,1640997949655,True,True
11436014,2.24800000,114.80000000,15771523,15771523,1640997949964,True,True
11436015,2.24700000,377.50000000,15771524,15771525,1640997949964,True,True
11436016,2.24600000,116.80000000,15771526,15771526,1640997949964,True,True
11436017,2.25000000,661.20000000,15771527,15771538,1640997967663,False,True
11436018,2.25100000,212.30000000,15771539,15771539,1640997967663,False,True
11436019,2.25200000,22.30000000,15771540,15771540,1640997984130,False,True
11436020,2.25100000,103.20000000,15771541,15771541,1640998009560,True,True
11436021,2.25200000,154.80000000,15771542,15771542,1640998009884,False,True
11436022,2.25200000,154.80000000,15771543,15771543,1640998009899,False,True
11436023,2.25200000,154.80000000,15771544,15771544,1640998009918,False,True
11436024,2.25200000,154.80000000,15771545,15771545,1640998009945,False,True
11436025,2.25300000,100.00000000,15771546,15771546,1640998011413,False,True
11436026,2.25300000,131.50000000,15771547,15771547,1640998011436,False,True
11436027,2.25400000,185.20000000,15771548,15771548,1640998011516,False,True
11436028,2.25200000,154.80000000,15771549,15771549,1640998019308,True,True
11436029,2.25100000,177.50000000,15771550,15771550,1640998019308,True,True
11436030,2.25400000,541.30000000,15771551,15771551,1640998030893,False,True
11436031,2.25500000,195.50000000,15771552,15771558,1640998030893,False,True
11436032,2.25200000,52.00000000,15771559,15771559,1640998032161,True,True
11436033,2.25600000,4.50000000,15771560,15771560,1640998033125,False,True
11436034,2.25500000,69.10000000,15771561,15771561,1640998034940,False,True
11436035,2.25600000,159.30000000,15771562,15771563,1640998040695,False,True
11436036,2.25700000,154.00000000,15771564,15771568,1640998066962,False,True
11436037,2.25800000,435.20000000,15771569,15771571,1640998066962,False,True
11436038,2.25900000,8.90000000,15771572,15771573,1640998068322,False,True
11436039,2.25700000,187.90000000,15771574,15771574,1640998069641,True,True
11436040,2.25600000,14.60000000,15771575,15771575,1640998070675,True,True
11436041,2.25900000,8.70000000,15771576,15771576,1640998079436,False,True
11436042,2.26000000,17.30000000,15771577,15771578,1640998079436,False,True
11436043,2.26000000,306.30000000,15771579,15771580,1640998079451,True,True
11436044,2.25900000,77.40000000,15771581,15771581,1640998080564,True,True
11436045,2.25900000,77.40000000,15771582,15771582,1640998080578,True,True
11436046,2.26100000,46.60000000,15771583,15771583,1640998081919,False,True
11436047,2.26100000,139.70000000,15771584,15771586,1640998081930,False,True
11436048,2.26000000,154.80000000,15771587,15771587,1640998081933,True,True
11436049,2.26000000,77.40000000,15771588,15771588,1640998081968,True,True
11436050,2.26300000,44.20000000,15771589,15771590,1640998082433,False,True
11436051,2.26300000,1.90000000,15771591,15771591,1640998082681,False,True
11436052,2.26400000,35.00000000,15771592,15771592,1640998082681,False,True
11436053,2.26500000,16.10000000,15771593,15771594,1640998082681,False,True
11436054,2.26600000,47.00000000,15771595,15771598,1640998082756,False,True
11436055,2.26400000,154.80000000,15771599,15771599,1640998084267,True,True
11436056,2.26400000,154.80000000,15771600,15771600,1640998084396,True,True
11436057,2.26400000,154.80000000,15771601,15771601,1640998084970,True,True
11436058,2.26400000,76.90000000,15771602,15771602,1640998085029,True,True
11436059,2.26300000,25.50000000,15771603,15771603,1640998085029,True,True
11436060,2.26200000,238.90000000,15771604,15771605,1640998085903,True,True
11436061,2.25900000,26.80000000,15771606,15771609,1640998087346,True,True
11436062,2.25800000,220.70000000,15771610,15771610,1640998087346,True,True
11436063,2.25600000,20.10000000,15771611,15771611,1640998087346,True,True
11436064,2.25500000,50.30000000,15771612,15771612,1640998087346,True,True
11436065,2.25500000,4.80000000,15771613,15771613,1640998087832,True,True
11436066,2.25700000,23.60000000,15771614,15771614,1640998088599,True,True
11436067,2.26600000,4.80000000,15771615,15771615,1640998094439,False,True
11436068,2.26100000,26.80000000,15771616,15771617,1640998094964,True,True
11436069,2.26100000,5.40000000,15771618,15771618,1640998095197,True,True
11436070,2.26100000,120.50000000,15771619,15771619,1640998095579,True,True
11436071,2.26100000,47.10000000,15771620,15771621,1640998095830,True,True
11436072,2.26100000,22.50000000,15771622,15771622,1640998095893,True,True
11436073,2.26100000,267.00000000,15771623,15771624,1640998104009,True,True
11436074,2.26000000,77.40000000,15771625,15771625,1640998104009,True,True
11436075,2.26000000,77.40000000,15771626,15771626,1640998104020,True,True
11436076,2.25900000,8.40000000,15771627,15771627,1640998120680,True,True
11436077,2.26300000,5.40000000,15771628,15771628,1640998126120,False,True
11436078,2.26300000,43.60000000,15771629,15771629,1640998131797,False,True
11436079,2.26300000,389.80000000,15771630,15771631,1640998138195,False,True
11436080,2.26400000,375.60000000,15771632,15771633,1640998138195,False,True
11436081,2.26300000,18.40000000,15771634,15771634,1640998138244,True,True
11436082,2.26300000,187.90000000,15771635,15771635,1640998141386,True,True
11436083,2.26200000,96.10000000,15771636,15771636,1640998142342,True,True
11436084,2.26200000,1547.50000000,15771637,15771637,1640998162325,True,True
11436085,2.26200000,452.50000000,15771638,15771638,1640998162334,True,True
11436086,2.26400000,22.10000000,15771639,15771639,1640998170510,False,True
11436087,2.26200000,32.50000000,15771640,15771640,1640998195868,True,True
11436088,2.26100000,8.20000000,15771641,15771641,1640998235711,True,True
11436089,2.26300000,5.40000000,15771642,15771642,1640998237828,True,True
11436090,2.26500000,1.30000000,15771643,15771643,1640998247256,False,True
11436091,2.25800000,257.40000000,15771644,15771645,1640998273237,True,True
11436092,2.25800000,139.20000000,15771646,15771646,1640998273263,True,True
11436093,2.26100000,5.40000000,15771647,15771647,1640998278261,False,True
11436094,2.26100000,8.90000000,15771648,15771648,1640998278519,False,True
11436095,2.25700000,263.40000000,15771649,15771649,1640998281057,True,True
11436096,2.25600000,88.90000000,15771650,15771651,1640998281057,True,True
11436097,2.25600000,198.80000000,15771652,15771660,1640998281068,True,True
11436098,2.25400000,4060.00000000,15771661,15771661,1640998281591,True,True
11436099,2.25400000,670.20000000,15771662,15771663,1640998281597,True,True
11436100,2.25100000,24.70000000,15771664,15771666,1640998301177,True,True
11436101,2.25300000,139.20000000,15771667,15771667,1640998337056,False,True
11436102,2.25200000,8.10000000,15771668,15771668,1640998347933,True,True
11436103,2.25300000,319.20000000,15771669,15771669,1640998352009,False,True
11436104,2.24900000,205.80000000,15771670,15771671,1640998376023,True,True
11436105,2.25100000,9.00000000,15771672,15771672,1640998432382,False,True
11436106,2.25100000,352.40000000,15771673,15771674,1640998435306,False,True
11436107,2.25200000,908.70000000,15771675,15771678,1640998446576,False,True
11436108,2.25300000,31.20000000,15771679,15771679,1640998449341,False,True
11436109,2.24900000,10.40000000,15771680,15771680,1640998461774,True,True
11436110,2.25100000,5.70000000,15771681,15771681,1640998473508,True,True
11436111,2.25100000,3.80000000,15771682,15771682,1640998474979,True,True
11436112,2.25200000,5.50000000,15771683,15771683,1640998493567,False,True
11436113,2.25300000,153.00000000,15771684,15771685,1640998497980,False,True
11436114,2.25400000,6.00000000,15771686,15771686,1640998569946,True,True
11436115,2.25400000,10.50000000,15771687,15771687,1640998605872,True,True
11436116,2.25500000,42.10000000,15771688,15771688,1640998699074,True,True
11436117,2.25600000,1.70000000,15771689,15771689,1640998759103,False,True
11436118,2.25600000,4.50000000,15771690,15771690,1640998759462,False,True
11436119,2.25200000,81.70000000,15771691,15771692,1640998760543,True,True
11436120,2.25200000,66.20000000,15771693,15771693,1640998760577,True,True
11436121,2.25200000,125.30000000,15771694,15771694,1640998760604,True,True
11436122,2.25100000,100.00000000,15771695,15771695,1640998764812,True,True
11436123,2.25100000,163.40000000,15771696,15771696,1640998764818,True,True
11436124,2.24900000,283.90000000,15771697,15771697,1640998785710,True,True
11436125,2.24800000,16.70000000,15771698,15771698,1640998786811,True,True
11436126,2.24800000,150.00000000,15771699,15771699,1640998796803,True,True
11436127,2.24800000,6.20000000,15771700,15771700,1640998831747,True,True
11436128,2.24600000,192.00000000,15771701,15771702,1640998832761,True,True
11436129,2.24500000,138.00000000,15771703,15771704,1640998832761,True,True
11436130,2.24400000,52.90000000,15771705,15771706,1640998832761,True,True
11436131,2.24500000,10.10000000,15771707,15771707,1640998900734,False,True
11436132,2.24300000,4.50000000,15771708,15771708,1640998918271,True,True
11436133,2.24300000,21.80000000,15771709,15771710,1640998923926,True,True
11436134,2.24300000,1.00000000,15771711,15771711,1640998940711,False,True
11436135,2.24400000,3.90000000,15771712,15771712,1640998940711,False,True
11436136,2.24100000,24.40000000,15771713,15771714,1640998963136,True,True
11436137,2.24100000,7.00000000,15771715,15771716,1640998963486,True,True
11436138,2.24100000,5.90000000,15771717,15771717,1640998964414,True,True
11436139,2.24000000,8.60000000,15771718,15771718,1640998964414,True,True
11436140,2.24000000,13.40000000,15771719,15771720,1640998964601,True,True
11436141,2.24000000,4.70000000,15771721,15771722,1640998993606,True,True
11436142,2.24300000,270.70000000,15771723,15771723,1640999034703,False,True
11436143,2.24400000,222.80000000,15771724,15771729,1640999041654,False,True
11436144,2.24200000,5.20000000,15771730,15771730,1640999069411,False,True
11436145,2.24400000,359.40000000,15771731,15771733,1640999125566,False,True
11436146,2.24000000,9.70000000,15771734,15771734,1640999155758,True,True
11436147,2.24000000,5.80000000,15771735,15771735,1640999157665,True,True
11436148,2.24000000,29.90000000,15771736,15771736,1640999186183,True,True
11436149,2.24300000,5.30000000,15771737,15771737,1640999189286,True,True
11436150,2.24400000,132.20000000,15771738,15771743,1640999208797,False,True
11436151,2.24500000,279.20000000,15771744,15771745,1640999208797,False,True
11436152,2.24500000,332.50000000,15771746,15771747,1640999208808,False,True
11436153,2.24700000,6.60000000,15771748,15771748,1640999211908,False,True
11436154,2.24700000,118.70000000,15771749,15771749,1640999229806,False,True
11436155,2.24700000,66.70000000,15771750,15771750,1640999229936,False,True
11436156,2.24800000,365.60000000,15771751,15771751,1640999241330,False,True
11436157,2.24800000,100.60000000,15771752,15771752,1640999241341,False,True
11436158,2.24800000,125.30000000,15771753,15771753,1640999241355,False,True
11436159,2.24700000,172.70000000,15771754,15771754,1640999246596,True,True
11436160,2.24600000,5.40000000,15771755,15771755,1640999293825,True,True
11436161,2.24800000,212.70000000,15771756,15771756,1640999294414,False,True
11436162,2.25000000,22.50000000,15771757,15771757,1640999303008,True,True
11436163,2.24800000,7.20000000,15771758,15771758,1640999336918,True,True
11436164,2.24800000,8.40000000,15771759,15771759,1640999340210,True,True
11436165,2.24900000,4.80000000,15771760,15771760,1640999341294,False,True
11436166,2.25200000,0.90000000,15771761,15771761,1640999341294,False,True
11436167,2.24800000,6.40000000,15771762,15771762,1640999341872,True,True
11436168,2.24800000,5.10000000,15771763,15771763,1640999342781,True,True
11436169,2.24700000,6.70000000,15771764,15771764,1640999370339,True,True
11436170,2.24500000,4.60000000,15771765,15771765,1640999400987,True,True
11436171,2.25000000,125.30000000,15771766,15771766,1640999401241,False,True
11436172,2.25000000,125.30000000,15771767,15771767,1640999401253,False,True
11436173,2.24800000,204.70000000,15771768,15771768,1640999401352,False,True
11436174,2.25200000,125.30000000,15771769,15771769,1640999406953,False,True
11436175,2.25400000,16.20000000,15771770,15771770,1640999455762,False,True
11436176,2.25200000,7.00000000,15771771,15771771,1640999458791,True,True
11436177,2.25400000,2.00000000,15771772,15771772,1640999465734,False,True
11436178,2.25500000,9.50000000,15771773,15771773,1640999465734,False,True
11436179,2.25500000,24.40000000,15771774,15771776,1640999504999,False,True
11436180,2.25500000,7.00000000,15771777,15771777,1640999517788,True,True
11436181,2.25500000,4.80000000,15771778,15771778,1640999518888,True,True
11436182,2.25500000,1.20000000,15771779,15771779,1640999518979,True,True
11436183,2.25400000,125.30000000,15771780,15771780,1640999531330,True,True
11436184,2.25400000,8.90000000,15771781,15771781,1640999555531,True,True
11436185,2.25600000,4.50000000,15771782,15771782,1640999555784,False,True
11436186,2.25500000,473.70000000,15771783,15771783,1640999555808,True,True
11436187,2.25300000,6.30000000,15771784,15771784,1640999618038,True,True
11436188,2.25300000,5.90000000,15771785,15771785,1640999651350,True,True
11436189,2.25300000,6.50000000,15771786,15771786,1640999658383,True,True
11436190,2.25300000,22.20000000,15771787,15771787,1640999662855,True,True
11436191,2.25300000,7.40000000,15771788,15771788,1640999679100,True,True
11436192,2.25300000,5.10000000,15771789,15771789,1640999679164,True,True
11436193,2.25300000,7.50000000,15771790,15771790,1640999679587,True,True
11436194,2.25300000,6.00000000,15771791,15771791,1640999679842,True,True
11436195,2.25200000,4.50000000,15771792,15771792,1640999686473,True,True
11436196,2.25400000,9.10000000,15771793,15771793,1640999687290,False,True
11436197,2.25300000,4.90000000,15771794,15771794,1640999689777,True,True
11436198,2.25300000,58.20000000,15771795,15771795,1640999704237,True,True
11436199,2.25600000,287.60000000,15771796,15771797,1640999712623,False,True
11436200,2.25600000,4.80000000,15771798,15771798,1640999716771,True,True
11436201,2.25700000,6.70000000,15771799,15771799,1640999718688,False,True
11436202,2.25800000,339.90000000,15771800,15771802,1640999718688,False,True
11436203,2.25600000,5.20000000,15771803,15771803,1640999771736,True,True
11436204,2.25900000,17.60000000,15771804,15771805,1640999786347,False,True
11436205,2.25900000,236.90000000,15771806,15771806,1640999786395,True,True
11436206,2.25900000,67.50000000,15771807,15771807,1640999786404,True,True
11436207,2.25900000,236.90000000,15771808,15771808,1640999786416,True,True
11436208,2.26000000,12.70000000,15771809,15771809,1640999787233,False,True
11436209,2.25900000,7.60000000,15771810,15771810,1640999791193,True,True
11436210,2.25700000,5.10000000,15771811,15771811,1640999807256,True,True
11436211,2.25700000,4.80000000,15771812,15771812,1640999807444,True,True
11436212,2.25700000,6.00000000,15771813,15771813,1640999834747,True,True
11436213,2.26000000,22.20000000,15771814,15771814,1640999836041,False,True
11436214,2.26100000,1000.00000000,15771815,15771815,1640999840272,False,True
11436215,2.26200000,32.50000000,15771816,15771816,1640999840324,False,True
11436216,2.26100000,100.00000000,15771817,15771817,1640999840325,True,True
11436217,2.26100000,67.70000000,15771818,15771818,1640999841197,True,True
11436218,2.26100000,62.70000000,15771819,15771819,1640999841221,True,True
11436219,2.26100000,8.70000000,15771820,15771820,1640999855790,True,True
11436220,2.26100000,5.80000000,15771821,15771821,1640999861673,True,True
11436221,2.25700000,20.50000000,15771822,15771822,1640999915620,False,True
11436222,2.26100000,758.50000000,15771823,15771824,1640999922395,False,True
11436223,2.26200000,259.00000000,15771825,15771826,1640999922395,False,True
11436224,2.26300000,4715.60000000,15771827,15771830,1640999922395,False,True
11436225,2.26500000,4456.20000000,15771831,15771832,1640999922395,False,True
11436226,2.26500000,1219.20000000,15771833,15771833,1640999922399,True,True
11436227,2.26500000,373.30000000,15771834,15771834,1640999922402,True,True
11436228,2.26000000,142.70000000,15771835,15771836,1640999926188,True,True
11436229,2.26400000,125.30000000,15771837,15771837,1640999927866,False,True
11436230,2.26500000,510.30000000,15771838,15771840,1640999927866,False,True
11436231,2.26500000,207.80000000,15771841,15771841,1640999927876,True,True
11436232,2.26500000,1016.40000000,15771842,15771842,1640999927877,True,True
11436233,2.26500000,153.30000000,15771843,15771843,1640999927884,True,True
11436234,2.26500000,84.70000000,15771844,15771844,1640999927889,True,True
11436235,2.26500000,95.30000000,15771845,15771845,1640999927889,True,True
11436236,2.26500000,1546.50000000,15771846,15771846,1640999927891,True,True
11436237,2.26500000,193.60000000,15771847,15771847,1640999927903,True,True
11436238,2.26300000,111.90000000,15771848,15771848,1640999950761,True,True
11436239,2.26200000,4.80000000,15771849,15771849,1640999958621,True,True
11436240,2.26200000,7.20000000,15771850,15771850,1640999962589,True,True
11436241,2.26200000,7.00000000,15771851,15771851,1640999971186,True,True
11436242,2.26500000,41.40000000,15771852,15771852,1640999980867,False,True
11436243,2.26600000,24.50000000,15771853,15771854,1640999985761,False,True
11436244,2.26700000,50.50000000,15771855,15771858,1640999985761,False,True
11436245,2.26800000,126.70000000,15771859,15771861,1640999985761,False,True
11436246,2.26800000,70.90000000,15771862,15771863,1640999985923,False,True
11436247,2.26900000,40.60000000,15771864,15771866,1640999987627,False,True
11436248,2.26600000,125.30000000,15771867,15771867,1640999989599,True,True
11436249,2.26600000,19.80000000,15771868,15771868,1640999993912,True,True
11436250,2.26900000,6.50000000,15771869,15771869,1640999997986,False,True
11436251,2.26900000,4.40000000,15771870,15771870,1641000006905,False,True
11436252,2.26900000,4.50000000,15771871,15771871,1641000009324,False,True
11436253,2.26900000,8.90000000,15771872,15771872,1641000010204,False,True
11436254,2.26900000,13.30000000,15771873,15771873,1641000010207,False,True
11436255,2.26900000,15.60000000,15771874,15771875,1641000010269,True,True
11436256,2.26600000,11.80000000,15771876,15771876,1641000010395,True,True
11436257,2.26600000,4.80000000,15771877,15771877,1641000010597,True,True
11436258,2.26900000,440.70000000,15771878,15771878,1641000026401,False,True
11436259,2.26600000,4.60000000,15771879,15771879,1641000033965,True,True
11436260,2.26600000,4.60000000,15771880,15771880,1641000046925,True,True
11436261,2.26600000,4.90000000,15771881,15771881,1641000055540,True,True
11436262,2.26600000,3.90000000,15771882,15771882,1641000057969,True,True
11436263,2.26500000,6.00000000,15771883,15771883,1641000058332,True,True
11436264,2.26300000,6.00000000,15771884,15771884,1641000104892,True,True
11436265,2.26500000,13.20000000,15771885,15771885,1641000105341,True,True
11436266,2.26500000,200.00000000,15771886,15771886,1641000115887,True,True
11436267,2.26200000,5.20000000,15771887,15771887,1641000122629,True,True
11436268,2.26300000,5.70000000,15771888,15771888,1641000144991,True,True
11436269,2.26300000,5.10000000,15771889,15771889,1641000145086,True,True
11436270,2.26200000,66.30000000,15771890,15771890,1641000157933,True,True
11436271,2.26100000,379.70000000,15771891,15771893,1641000158912,True,True
11436272,2.26000000,22.50000000,15771894,15771894,1641000159109,True,True
11436273,2.25600000,7.60000000,15771895,15771895,1641000188295,True,True
11436274,2.25600000,5.10000000,15771896,15771896,1641000204462,True,True
11436275,2.25600000,5.00000000,15771897,15771897,1641000212225,True,True
11436276,2.25600000,5.40000000,15771898,15771899,1641000243749,True,True
11436277,2.25500000,5.40000000,15771900,15771900,1641000255584,True,True
11436278,2.25800000,6.60000000,15771901,15771901,1641000255772,False,True
11436279,2.25500000,11.00000000,15771902,15771902,1641000266376,True,True
11436280,2.25400000,105.90000000,15771903,15771905,1641000266381,True,True
11436281,2.25700000,44.30000000,15771906,15771906,1641000273033,False,True
11436282,2.25600000,5.30000000,15771907,15771907,1641000303956,True,True
11436283,2.25300000,92.00000000,15771908,15771912,1641000329725,True,True
11436284,2.25300000,95.40000000,15771913,15771917,1641000330483,True,True
11436285,2.25200000,4.70000000,15771918,15771918,1641000360891,True,True
11436286,2.25200000,93.50000000,15771919,15771920,1641000361485,True,True
11436287,2.25200000,5.30000000,15771921,15771921,1641000365180,True,True
11436288,2.25200000,5.00000000,15771922,15771922,1641000369981,True,True
11436289,2.25600000,10.00000000,15771923,15771923,1641000387132,False,True
11436290,2.25300000,5.10000000,15771924,15771924,1641000401597,True,True
11436291,2.25500000,4.60000000,15771925,15771925,1641000415817,False,True
11436292,2.25100000,36.40000000,15771926,15771928,1641000472153,True,True
11436293,2.25000000,12.30000000,15771929,15771930,1641000472153,True,True
11436294,2.24900000,112.70000000,15771931,15771931,1641000472153,True,True
11436295,2.24800000,351.30000000,15771932,15771943,1641000472153,True,True
11436296,2.24700000,1141.40000000,15771944,15771945,1641000472153,True,True
11436297,2.25100000,17.90000000,15771946,15771946,1641000475798,False,True
11436298,2.24700000,58.30000000,15771947,15771947,1641000488681,True,True
11436299,2.24700000,6.20000000,15771948,15771948,1641000504541,True,True
11436300,2.24800000,7.70000000,15771949,15771949,1641000506828,True,True
11436301,2.24600000,8.40000000,15771950,15771950,1641000533094,True,True
11436302,2.24600000,5.00000000,15771951,15771951,1641000534840,True,True
11436303,2.24600000,4.50000000,15771952,15771952,1641000568429,True,True
11436304,2.24500000,89.60000000,15771953,15771954,1641000594967,True,True
11436305,2.24900000,135.30000000,15771955,15771956,1641000606720,False,True
11436306,2.24900000,312.50000000,15771957,15771966,1641000606736,False,True
11436307,2.25000000,22.30000000,15771967,15771967,1641000607701,False,True
11436308,2.24700000,5.60000000,15771968,15771968,1641000621815,True,True
11436309,2.24800000,5.70000000,15771969,15771969,1641000627240,True,True
11436310,2.24700000,0.10000000,15771970,15771970,1641000627240,True,True
11436311,2.24700000,4.80000000,15771971,15771971,1641000629419,True,True
11436312,2.24700000,5.00000000,15771972,15771972,1641000634206,True,True
11436313,2.25000000,13.10000000,15771973,15771973,1641000637577,False,True
11436314,2.24900000,5.40000000,15771974,15771974,1641000642609,True,True
11436315,2.24900000,4.70000000,15771975,15771975,1641000644102,True,True
11436316,2.24900000,5.60000000,15771976,15771976,1641000647336,True,True
11436317,2.25200000,13.70000000,15771977,15771977,1641000649229,False,True
11436318,2.25200000,11.90000000,15771978,15771978,1641000661428,False,True
11436319,2.24900000,23.10000000,15771979,15771979,1641000671908,True,True
11436320,2.25200000,12.40000000,15771980,15771980,1641000673658,False,True
11436321,2.25000000,13.90000000,15771981,15771981,1641000686739,False,True
11436322,2.24700000,5.90000000,15771982,15771982,1641000689331,True,True
11436323,2.25000000,12.10000000,15771983,15771983,1641000699601,False,True
11436324,2.25100000,5.10000000,15771984,15771984,1641000705831,False,True
11436325,2.25000000,10.30000000,15771985,15771985,1641000710802,False,True
11436326,2.24700000,9.70000000,15771986,15771986,1641000714724,True,True
11436327,2.24700000,143.70000000,15771987,15771987,1641000720612,True,True
11436328,2.24700000,890.00000000,15771988,15771988,1641000722095,True,True
11436329,2.24800000,10.70000000,15771989,15771989,1641000724120,False,True
11436330,2.24600000,8.20000000,15771990,15771990,1641000734960,True,True
11436331,2.24900000,10.30000000,15771991,15771991,1641000736896,False,True
11436332,2.24600000,4.70000000,15771992,15771992,1641000739408,True,True
11436333,2.24600000,4.90000000,15771993,15771993,1641000740444,True,True
11436334,2.24900000,97.10000000,15771994,15771994,1641000741603,False,True
11436335,2.25000000,34.00000000,15771995,15771995,1641000746460,False,True
11436336,2.24800000,5.30000000,15771996,15771996,1641000747040,True,True
11436337,2.25100000,12.60000000,15771997,15771997,1641000748620,False,True
11436338,2.25000000,11.20000000,15771998,15771998,1641000760661,False,True
11436339,2.24700000,5.30000000,15771999,15771999,1641000768781,True,True
11436340,2.24700000,7.30000000,15772000,15772000,1641000768902,True,True
11436341,2.25000000,14.20000000,15772001,15772002,1641000771980,False,True
11436342,2.24700000,4.80000000,15772003,15772003,1641000774764,True,True
11436343,2.24700000,5.60000000,15772004,15772004,1641000783228,True,True
11436344,2.25000000,14.90000000,15772005,15772005,1641000784545,False,True
11436345,2.24700000,6.70000000,15772006,15772006,1641000792119,True,True
11436346,2.25100000,10.30000000,15772007,15772007,1641000796449,False,True
11436347,2.24700000,16.30000000,15772008,15772008,1641000808815,True,True
11436348,2.25000000,11.00000000,15772009,15772009,1641000809423,False,True
11436349,2.25100000,12.60000000,15772010,15772010,1641000820692,False,True
11436350,2.25000000,10.20000000,15772011,15772011,1641000832980,False,True
11436351,2.24700000,6.90000000,15772012,15772012,1641000833626,True,True
11436352,2.24700000,4.80000000,15772013,15772013,1641000837523,True,True
11436353,2.25000000,11.90000000,15772014,15772014,1641000845683,False,True
11436354,2.24900000,14.90000000,15772015,15772015,1641000858176,False,True
11436355,2.24900000,9.80000000,15772016,15772016,1641000869957,False,True
11436356,2.24900000,8.90000000,15772017,15772017,1641000881996,False,True
11436357,2.25000000,13.00000000,15772018,15772018,1641000893861,False,True
11436358,2.24900000,14.40000000,15772019,15772019,1641000905930,False,True
11436359,2.24900000,7.40000000,15772020,15772020,1641000913753,False,True
11436360,2.24900000,4.80000000,15772021,15772021,1641000916804,False,True
11436361,2.24900000,15.00000000,15772022,15772022,1641000918491,False,True
11436362,2.24900000,216.00000000,15772023,15772023,1641000922622,False,True
11436363,2.24700000,541.30000000,15772024,15772024,1641000922651,True,True
11436364,2.24600000,77.50000000,15772025,15772025,1641000923212,True,True
11436365,2.24600000,46.30000000,15772026,15772027,1641000923213,True,True
11436366,2.24600000,50.30000000,15772028,15772028,1641000923391,True,True
11436367,2.24500000,6.40000000,15772029,15772029,1641000925644,True,True
11436368,2.24700000,13.30000000,15772030,15772030,1641000925836,False,True
11436369,2.24700000,11.70000000,15772031,15772031,1641000930597,False,True
